%% This BibTeX bibliography file was created using BibDesk.
%% https://bibdesk.sourceforge.io/

%% Created for Daniel McDonald at 2021-10-22 16:10:38 -0700 


%% Saved with string encoding Unicode (UTF-8) 

@article{madrid2020adaptive,
  title={Adaptive nonparametric regression with the K-nearest neighbour fused lasso},
  author={Madrid Padilla, Oscar Hernan and Sharpnack, James and Chen, Yanzhen and Witten, Daniela M},
  journal={Biometrika},
  volume={107},
  number={2},
  pages={293--310},
  year={2020},
  publisher={Oxford University Press}
}

@inproceedings{baby2021optimal,
	author = {Baby, Dheeraj and Wang, Yu-Xiang},
	booktitle = {Proceedings of Thirty Fourth Conference on Learning Theory},
		editor = {Belkin, Mikhail and Kpotufe, Samory},
	month = {15--19 Aug},
	pages = {359--409},
		series = {Proceedings of Machine Learning Research},
	title = {Optimal Dynamic Regret in Exp-Concave Online Learning},
	volume = {134},
	year = {2021}}

@article{chatterjee2021newrisk,
	author = {Chatterjee, Sabyasachi and Goswami, Subhajit},
	date-modified = {2021-10-22 16:09:37 -0700},
	journal = {IEEE Transactions on Information Theory},
	number = {6},
	pages = {4060--4091},
	title = {New Risk Bounds for {2D} Total Variation Denoising},
	volume = {67},
	year = {2021},
	bdsk-url-1 = {https://doi.org/10.1109/tit.2021.3059657}}

@article{tibshirani2020divided,
	author = {Tibshirani, Ryan J.},
journal = {Foundations and Trends in Machine Learning},
title = {Divided Differences, Falling Factorials, and Discrete Splines: Another Look at Trend Filtering and Related Problems},
volume = {15},
pages = {694-846},
	year = {2022}}

@inproceedings{balestriero2018spline,
	address = {Stockholmsm{\"a}ssan, Stockholm Sweden},
	author = {Balestriero, Randall and Baraniuk, Richard},
	booktitle = {Proceedings of the 35th International Conference on Machine Learning},
	month = {10--15 Jul},
	pages = {374--383},
	publisher = {PMLR},
	series = {Proceedings of Machine Learning Research},
	title = {A Spline Theory of Deep Learning},
	volume = {80},
	year = {2018}}

@article{friedman1991multivariate,
	author = {Friedman, Jerome H.},
	journal = {Annals of Statistics},
	number = {1},
	pages = {1--67},
	title = {Multivariate adaptive regression splines},
	volume = {19},
	year = {1991}}

@article{zhang2016multivariate,
	author = {Zhang, Wengang and Goh, Anthony T.C.},
	issn = {1674-9871},
	journal = {Geoscience Frontiers},
	note = {Special Issue: Progress of Machine Learning in Geosciences},
	number = {1},
	pages = {45 - 52},
	title = {Multivariate adaptive regression splines and neural network models for prediction of pile drivability},
	volume = {7},
	year = {2016}}

@misc{padilla2018adaptive,
	author = {Madrid Padilla, Oscar Hernan and Sharpnack, James and Chen, Yanzhen and Witten, Daniela M.},
	eprint = {arXiv:1807.11641},
	title = {Adaptive Non-Parametric Regression With the $K$-NN Fused Lasso},
	year = {2018}}

@misc{chatterjee2019newrisk,
	author = {Chatterjee, Sabyasachi and Goswami, Subhajit},
	eprint = {arXiv:1902.01215},
	title = {New Risk Bounds for 2D Total Variation Denoising},
	year = {2019}}

@misc{fang2019multivariate,
	author = {Fang, Billy and Guntuboyina, Adityanand and Sen, Bodhisattva},
	eprint = {arXiv:1903.01395},
	title = {Multivariate extensions of isotonic regression and total variation denoising via entire monotonicity and Hardy-Krause variation},
	year = {2019}}

@article{guntuboyina2017adaptive,
	author = {Guntuboyina, Adityanand and Lieu, Donovan and Chatterjee, Sabyasachi and Sen, Bodhisattva},
	eprint = {arXiv:1702.05113},
	title = {Adaptive Risk Bounds in Univariate Total Variation Denoising and Trend Filtering},
	year = {2020},
  journal = {Annals of Statistics},
  volume = {48},
  pages = {205--229}}

@article{ortelli2019oracle,
  author = {Ortelli, Francesco and van de Geer, Sara},
    title = {Oracle inequalities for square root analysis estimators with application to total variation penalties},
    journal = {Information and Inference: A Journal of the IMA},
    volume = {10},
     pages = {483--514},
    year = {2020},
	eprint = {arXiv:1902.11192}}

@article{ortelli2018total,
	author = {Ortelli, Francesco and van de Geer, Sara},
	fjournal = {Electronic Journal of Statistics},
	journal = {Electron. J. Statist.},
	number = {2},
	pages = {4517--4570},
	publisher = {The Institute of Mathematical Statistics and the Bernoulli Society},
	title = {On the total variation regularized estimator over a class of tree graphs},
	volume = {12},
	year = {2018}}

@inproceedings{sadhanala2019higher,
	author = {Sadhanala, Veeranjaneyulu and Wang, Yu-Xiang and Ramdas, Aaditya and Tibshirani, Ryan J.},
	booktitle = {Proceedings of Machine Learning Research},
	month = {16--18 Apr},
	pages = {2621--2630},
	publisher = {PMLR},
	series = {Proceedings of Machine Learning Research},
	title = {A Higher-Order Kolmogorov-Smirnov Test},
	volume = {89},
	year = {2019}}

@article{birge2001gaussian,
	author = {Birge, Lucien and Massart, Pascal},
	journal = {Journal of the European Mathematical Society},
	number = {3},
	pages = {203--268},
	publisher = {Springer},
	title = {Gaussian model selection},
	volume = {3},
	year = {2001}}

@article{vonluxburg14a,
	author = {von Luxburg, Ulrike and Radl, Agnes and Hein, Matthias},
	journal = {Journal of Machine Learning Research},
	pages = {1751--1798},
	title = {Hitting and Commute Times in Large Random Neighborhood Graphs},
	volume = {15},
	year = {2014}}

@book{statshd,
	address = {Berlin},
	author = {Buhlmann, Peter and van de Geer, Sara},
	publisher = {Springer},
	title = {Statistics for High-Dimensional Data},
	year = 2011}

@article{albert2002,
	author = {Albert, Reka and Barabasi, Albert-Laszlo},
	journal = {Reviews of Modern Physics},
	pages = {47--97},
	title = {Statistical mechanics of complex networks},
	volume = 75,
	year = 2002}

@article{kyng2015,
	author = {Kyng, Rasmus and Rao, Anup and Sachdeva, Sushant and Spielman, Daniel},
	journal = {Proceedings of the Annual Conference on Learning Theory},
	title = {Algorithms for {Lipschitz} Learning on Graphs},
	volume = {28},
	year = {2015}}

@article{koutis2014simple,
	author = {Koutis, Ioannis},
	journal = {Proceedings of the ACM symposium on Parallelism in Algorithms and Architectures},
	pages = {61--66},
	title = {Simple parallel and distributed algorithms for spectral graph sparsification},
	volume = {26},
	year = {2014}}

@incollection{talukdar2009,
	author = {Talukdar, Partha Pratim and Crammer, Koby},
	booktitle = {Machine Learning and Knowledge Discovery in Databases},
	pages = {442--457},
	publisher = {Springer},
	title = {New regularized algorithms for transductive learning},
	year = {2009}}

@article{talukdar2010,
	author = {Talukdar, Partha Pratim and Pereira, Fernando},
	journal = {Proceedings of the Annual Meeting of the Association for Computational Linguistics},
	title = {Experiments in graph-based semi-supervised learning methods for class-instance acquisition},
	volume = 48,
	year = {2010}}

@article{belkin2005,
	author = {Belkin, Mikhail and Niyogi, Partha and Sindhwani, Vikas},
	journal = {International Conference on Artificial Intelligence and Statistics},
	title = {On Manifold Regularization},
	volume = 8,
	year = 2005}


@inproceedings{belkin2002,
	author = {Belkin, Mikhail and Niyogi, Partha},
	booktitle = {Advances in Neural Information Processing Systems},
	editor = {Becker, S. and Thrun, S. and Obermayer, K.},
	publisher = {MIT Press},
	title = {Using Manifold Stucture for Partially Labeled Classification},
	volume = {15},
	year = {2002}}


@article{von2008consistency,
	author = {Von Luxburg, Ulrike and Belkin, Mikhail and Bousquet, Olivier},
	journal = {Annals of Statistics},
	number = 2,
	pages = {555--586},
	title = {Consistency of spectral clustering},
	volume = 36,
	year = {2008}}

@article{smola2003,
	author = {Smola, Alexander and Kondor, Risi},
	journal = {Proceedings of the Annual Conference on Learning Theory},
	title = {Kernels and Regularization on Graphs},
	volume = {16},
	year = {2003}}

@article{zhu2003,
	author = {Zhu, Xiaojin and Ghahramani, Zoubin and Lafferty, John},
	journal = {Proceedings of the International Conference on Machine Learning},
	title = {Semi-supervised learning using {Gaussian} fields and harmonic functions},
	volume = {20},
	year = {2003}}

@article{zhou2005,
	author = {Zhou, Dengyong and Huang, Jiayuan and Scholkopf, Bernhard},
	journal = {Proceedings of the International Conference on Machine Learning},
	title = {Learning from Labeled and Unlabeled Data on a Directed Graph},
	volume = {22},
	year = {2005}}

@article{spielmanTeng2011,
	author = {Spielman, Daniel and Teng, Shang-Hua},
	journal = {SIAM Journal on Computing},
	number = 4,
	pages = {981--1025},
	title = {Spectral sparsification of graphs},
	volume = 40,
	year = 2011}

@article{spielman2008,
	author = {Spielman, Daniel and Srivastava, Nikhil},
	journal = {Proceedings of the ACM Annual Symposium on Theory of Computing},
	pages = {563--568},
	title = {Graph sparsification by effective resistances},
	volume = 40,
	year = 2008}

@article{batson2009,
	author = {Batson, Joshua and Spielman, Daniel and Srivastava, Nikhil},
	journal = {Proceedings of the ACM Annual Symposium on Theory of Computing},
	pages = {255--262},
	title = {{Twice-Ramanujan} Sparsifiers},
	volume = 40,
	year = 2008}

@article{koutis2012a,
	author = {Koutis, Ioannis and Levin, Alex and Peng, Richard},
	journal = {International Symposium on Theoretical Aspects of Computer Science},
	pages = {266--277},
	title = {Improved Spectral Sparsification and Numerical Algorithms for {SDD} Matrices},
	volume = 29,
	year = 2012}

@article{batson2013,
	author = {Batson, Joshua and Spielman, Daniel and Srivastava, Nikhil and and Shang-Hua Teng},
	journal = {Communications of the ACM},
	number = 8,
	pages = {87--94},
	title = {Spectral sparsification of graphs: theory and algorithms},
	volume = 56,
	year = 2013}

@book{vdG2000,
	address = {Cambridge},
	author = {van de Geer, Sara},
	publisher = {Cambridge University Press},
	title = {Empirical Processes in $M$-Estimation},
	year = 2000}

@article{spielmanTeng2004,
	author = {Spielman, Daniel and Teng, Shang-Hua},
	journal = {Proceedings of the ACM Annual Symposium on Theory of Computing},
	pages = {81--90},
	title = {Nearly-linear time algorithms for graph partitioning, graph sparsification, and solving linear systems},
	volume = 36,
	year = 2004}

@article{spielmanTeng2014,
	author = {Spielman, Daniel and Teng, Shang-Hua},
	journal = {SIAM Journal on Matrix Analysis and Applications},
	number = 5,
	pages = {835--885},
	title = {Nearly-Linear Time Algorithms for Preconditioning and Solving Symmetric, Diagonally Dominant Linear Systems},
	volume = 35,
	year = 2014}

@article{koutis2010,
	author = {Koutis, Ioannis and Miller, Gary and Peng, Richard},
	journal = {Proceedings of the IEEE Annual Symposium on Foundations of Computer Science},
	pages = {235--244},
	title = {Approaching Optimality for Solving {SDD} Linear Systems},
	volume = 51,
	year = 2010}

@article{koutis2011,
	author = {Koutis, Ioannis and Miller, Gary and Peng, Richard},
	journal = {Proceedings of the IEEE Annual Symposium on Foundations of Computer Science},
	pages = {590--598},
	title = {A Nearly-$m\log{n}$ Time Solver for {SDD} Linear Systems},
	volume = 52,
	year = 2011}

@article{koutis2012b,
	author = {Koutis, Ioannis and Miller, Gary and Peng, Richard},
	journal = {Communications of the ACM},
	number = 10,
	pages = {99--107},
	title = {A fast solver for a class of linear systems},
	volume = 55,
	year = 2012}

@article{kelner2013,
	author = {Kelner, Jonathan and Orecchia, Lorenzo and Sidford, Aaron and Zhu, Zeyuan Allen},
	journal = {Proceedings of the ACM Annual Symposium on Theory of Computing},
	pages = {911--920},
	title = {A Simple, Combinatorial Algorithm for Solving {SDD} Systems in Nearly-Linear Time},
	volume = 45,
	year = 2013}

@article{lee2013,
	author = {Lee, Yin Tat and Sidford, Aaron},
	journal = {Proceedings of the IEEE Annual Symposium on Foundations of Computer Science},
	pages = {147--156},
	title = {Efficient Accelerated Coordinate Descent Methods and Faster Algorithms for Solving Linear Systems},
	volume = 54,
	year = 2013}

@article{cohen2014,
	author = {Cohen, Michael and Kyng, Rasmus and Miller, Gary and Pachocki, Jakub and Peng, Richard and Rao, Anup and Xu, Shen Chen},
	journal = {Proceedings of the ACM Annual Symposium on Theory of Computing},
	pages = {343--352},
	title = {Solving {SDD} linear systems in nearly \smash{$m\log^{1/2}{n}$} time},
	volume = 46,
	year = 2014}

@article{chung2011spectra,
	author = {Chung, Fan and Radcliffe, Mary},
	journal = {The Electronic Journal of Combinatorics},
	note = {\#P215},
	number = {1},
	title = {On the spectra of general random graphs},
	volume = {18},
	year = {2011}}

@article{feige2005spectral,
	author = {Feige, Uriel and Ofek, Eran},
	journal = {Random Structures \& Algorithms},
	number = {2},
	pages = {251--275},
	publisher = {Wiley Online Library},
	title = {Spectral techniques applied to sparse random graphs},
	volume = {27},
	year = {2005}}

@article{lubotzky1988ramanujan,
	author = {Lubotzky, Alexander and Phillips, Ralph and Sarnak, Peter},
	journal = {Combinatorica},
	number = {3},
	pages = {261--277},
	publisher = {Springer},
	title = {Ramanujan graphs},
	volume = {8},
	year = {1988}}

@unpublished{marcus2014ramanujan,
	author = {Marcus, Adam W and Spielman, Daniel A and Srivastava, Nikhil},
	note = {arXiv: 1408.4421},
	title = {Ramanujan Graphs and the Solution of the {Kadison-Singer} Problem},
	year = {2014}}

@article{leskovec2012,
	author = {McAuley, Julian and Leskovec, Jure},
	journal = {Advances in Neural Information Processing Systems},
	title = {Learning to Discover Social Circles in Ego Networks},
	volume = 25,
	year = 2012}

@article{lxb,
	author = {Vishnoi, Nisheeth},
	journal = {Foundations and Trends in Theoretical Computer Science},
	number = {1--2},
	pages = {1--141},
	title = {{$Lx=b$: Laplacian} Solvers and Their Algorithmic Applications},
	volume = 8,
	year = 2012}

@unpublished{fasttf,
	author = {Ramdas, Aaditya and Tibshirani, Ryan J.},
	note = {arXiv: 1406.2082},
	title = {Fast and Flexible ADMM Algorithms for Trend Filtering},
	year = 2014}

@article{hightv,
	author = {Steidl, Gabriel and Didas, Stephan and Neumann, Julia},
	journal = {International Journal of Computer Vision},
	number = 3,
	pages = {214--255},
	title = {Splines in higher order {TV} regularization},
	volume = 70,
	year = 2006}

@article{edgelasso,
	author = {Sharpnack, James and Rinaldo, Alessandro and Singh, Aarti},
	journal = {International Conference on Artificial Intelligence and Statistics},
	title = {Sparsistency via the edge lasso},
	volume = 15,
	year = 2012}

@article{graphwave,
	author = {Sharpnack, James and Krishnamurthy, Akshay and Singh, Aarti},
	journal = {International Conference on Artifical Intelligence and Statistics},
	title = {Detecting Activations over Graphs using Spanning Tree Wavelet Bases},
	volume = 16,
	year = 2013}

@incollection{graphlap,
	address = {Berlin},
	author = {Smola, Alexander and Kondor, Risi},
	booktitle = {Learning Theory and Kernel Machines},
	date-modified = {2021-10-22 16:09:37 -0700},
	editor = {Sch{\"o}lkopf, Bernhard and Warmuth, ManfredK.},
	isbn = {978-3-540-40720-1},
	pages = {144--158},
	publisher = {Springer},
	series = {Lecture Notes in Computer Science},
	title = {Kernels and Regularization on Graphs},
	volume = {2777},
	year = {2003},
	bdsk-url-1 = {https://doi.org/10.1007/978-3-540-45167-9_12}}

@article{fusedp,
	author = {Johnson, Nicholas},
	journal = {Journal of Computational and Graphical Statistics},
	number = 2,
	pages = {246--260},
	title = {A Dynamic Programming algorithm for the Fused Lasso and {$L_0$}-segmentation},
	volume = 22,
	year = 2013}

@article{fallfact,
	author = {Wang, Yu-Xiang and Smola, Alex and Tibshirani, Ryan J.},
	journal = {International Conference on Machine Learning},
	title = {The falling factorial basis and its statistical properties},
	volume = 31,
	year = 2014}

@article{schoenberg,
	author = {Schoenberg, Isaac Jacob},
	journal = {Quarterly of Applied Mathematics},
	pages = {{45--99}, {112--141}},
	title = {Contributions to the problem of approximation of equidistant data by analytic functions},
	volume = 4,
	year = 1946}

@book{gu2013smoothing,
	author = {Gu, Chong},
	note = {Second edition},
	publisher = {Springer},
	title = {Smoothing Spline {ANOVA} Models},
	year = {2013}}

@unpublished{harris2018sparse,
	author = {Haris, Asad and Simon, Noah and Shojaie, Ali},
	title = {Generalized Sparse Additive Models},
	year = {2018}}

@unpublished{tan2017penalized,
	author = {Tan, Zhiqiang and Zhang, Cun-Hui},
	note = {arXiv: 1704.07229},
	title = {Penalized Estimation in Additive Regression with High-Dimensional Data},
	year = {2017}}

@article{neumann2000multi,
	author = {Neumann, Michael H.},
	journal = {Statistica Sinica},
	number = {2},
	pages = {399--431},
	title = {Multivariate wavelet thresholding in anisotropic function spaces},
	volume = {10},
	year = {2000}}

@article{gu1991minimizing,
	author = {Gu, Chong and Wahba, Grace},
	journal = {SIAM Journal of Scientific and Statistical Computing},
	number = {2},
	pages = {383--398},
	title = {Minimizing {GCV/GML} Scores with Multiple Smoothing Parameters via the {Newton} Method},
	volume = {12},
	year = {1991}}

@article{wood2000modelling,
	author = {Wood, Simon N.},
	journal = {Journal of the Royal Statistical Society: Series B},
	number = {2},
	pages = {413--428},
	title = {Modelling and smoothing parameter estimation with multiple quadratic penalties},
	volume = {62},
	year = {2000}}

@article{fahrmeir2001bayesian,
	author = {Fahrmeir, Ludwig and Lang, Stefan},
	journal = {Journal of the Royal Statistical Society: Series C},
	number = {2},
	pages = {201--220},
	title = {Bayesian inference for generalized additive mixed models based on {Markov} random field priors},
	volume = {50},
	year = {2001}}

@book{ruppert2003semiparametric,
	author = {Ruppert, David and Wand, Matt P. and Carroll, Raymond J.},
	publisher = {Cambridge University Press},
	title = {Semiparametric Regression},
	year = {2003}}

@article{wood2003thin,
	author = {Wood, Simon N.},
	journal = {Journal of the Royal Statistical Society: Series B},
	number = {1},
	pages = {95--114},
	title = {Thin-plate regression splines},
	volume = {65},
	year = {2003}}

@article{wood2004stable,
	author = {Wood, Simon N.},
	journal = {Journal of the American Statistical Association},
	number = {467},
	pages = {673--686},
	title = {Stable and efficient multiple smoothing parameter estimation for generalized additive models},
	volume = {99},
	year = {2004}}

@article{kim2004smoothing,
	author = {Kim, Young-Ju and Gu, Chong},
	journal = {Journal of the Royal Statistical Society: Series B},
	number = {2},
	pages = {337--356},
	title = {Smoothing spline {Gaussian} regression: more scalable computation via efficient approximation},
	volume = {66},
	year = {2004}}

@article{rue2009approximate,
	author = {Rue, Havard and Martino, Sara and Chopin, Nicolas},
	journal = {Journal of the Royal Statistical Society: Series B},
	number = {2},
	pages = {319--392},
	title = {Approximate {Bayesian} inference for latent {Gaussian} models by using integrated nested {Laplace} approximations},
	volume = {71},
	year = {2009}}

@article{wood2011fast,
	author = {Wood, Simon N.},
	journal = {Journal of the Royal Statistical Society: Series B},
	number = {1},
	pages = {3--36},
	title = {Fast stable restricted maximum likelihood and marginal likelihood estimation of semiparametric generalized linear models},
	volume = {73},
	year = {2011}}

@article{wood2015generalized,
	author = {Wood, Simon N. and Goude, Yannig and Shaw, Simon},
	journal = {Journal of the Royal Statistical Society: Series C},
	number = {1},
	pages = {139--155},
	title = {Generalized additive models for large data sets},
	volume = {64},
	year = {2015}}

@article{wood2016smoothing,
	author = {Wood, Simon N. and Pya, Natalya and Safken, Benjamin},
	journal = {Journal of the American Statistical Association},
	number = {516},
	pages = {1548--1575},
	title = {Smoothing parameter and model selection for general smooth models},
	volume = {111},
	year = {2016}}

@book{wood2017generalized,
	author = {Wood, Simon N.},
	publisher = {Chapman \& Hall/CRC Press},
	title = {Generalized Additive Models: An Introduction with R},
	year = {2017}}

@article{muller1997integral,
	author = {Muller, Alfred},
	journal = {Advances in Applied Probability},
	number = {2},
	pages = {429--443},
	title = {Integral Probability Metrics and Their Generating Classes of Functions},
	volume = {29},
	year = {1997}}

@inbook{nesterov2000squared,
	author = {Nesterov, Yurii},
	booktitle = {High Performance Optimization},
	pages = {405--440},
	publisher = {Springer},
	title = {Squared Functional Systems and Optimization Problems},
	year = {2000}}

@book{shor1998nondifferentiable,
	author = {Shor, Naum Z.},
	publisher = {Springer},
	series = {Nonconvex Optimization and Its Applications},
	title = {Nondifferentiable Optimization and Polynomial Problems},
	year = {1998}}

@article{rosen1995niels,
	author = {Rosen, Michael I.},
	journal = {The American Mathematical Monthly},
	number = {6},
	pages = {495--505},
	publisher = {Mathematical Association of America},
	title = {{Niels Hendrik Abel} and Equations of the Fifth Degree},
	volume = {102},
	year = {1995}}

@article{pan1997solving,
	author = {Pan, Victor},
	journal = {SIAM Review},
	number = {2},
	pages = {187--220},
	title = {Solving a Polynomial Equation: Some History and Recent Progress},
	volume = {39},
	year = {1997}}

@article{aberth1973iteration,
	author = {Aberth, Oliver},
	journal = {Mathematics of Computation - Math. Comput.},
	month = {05},
	pages = {339-339},
	title = {Iteration Methods for Finding all Zeros of a Polynomial Simultaneously},
	volume = {27},
	year = {1973}}

@article{bini2014solving,
	author = {Bini, Dario A. and Robol, Leonardo},
	issue_date = {December, 2014},
	journal = {J. Comput. Appl. Math.},
	month = dec,
	pages = {276--292},
	title = {Solving Secular and Polynomial Equations: A Multiprecision Algorithm},
	volume = {272},
	year = {2014}}

@misc{schonhage1982fundamental,
	author = {Schonhage, Arnold},
	title = {The fundamental theorem of algebra in terms of computational complexity},
	year = {1982}}

@article{rosenbaum2005exact,
	author = {Rosenbaum, Paul R.},
	journal = {Journal of the Royal Statistical Society: Series B},
	number = {4},
	pages = {515--530},
	publisher = {Wiley Online Library},
	title = {An exact distribution-free test comparing two multivariate distributions based on adjacency},
	volume = {67},
	year = {2005}}

@article{szekely2004testing,
	author = {Szekely, Gabor J. and Rizzo, Maria L.},
	journal = {InterStat},
	number = {16.10},
	pages = {1249--1272},
	title = {Testing for equal distributions in high dimension},
	volume = {5},
	year = {2004}}

@article{janssen2000global,
	author = {Janssen, Arnold},
	journal = {Annals of Statistics},
	number = {1},
	pages = {239--253},
	publisher = {JSTOR},
	title = {Global power functions of goodness of fit tests},
	volume = {28},
	year = {2000}}

@article{sriperumbudur2009integral,
	author = {Sriperumbudur, Bharath K. and Fukumizu, Kenji and Gretton, Arthur and Scholkopf, Bernhard and Lanckriet, Gert R. G.},
	journal = {arXiv preprint arXiv:0901.2698},
	title = {On integral probability metrics, $\phi$-divergences and binary classification},
	year = {2009}}

@article{arias2018remember,
	author = {Arias-Castro, Ery and Pelletier, Bruno and Saligrama, Venkatesh},
	journal = {Journal of Nonparametric Statistics},
	number = {2},
	pages = {448--471},
	publisher = {Taylor \& Francis},
	title = {Remember the curse of dimensionality: the case of goodness-of-fit testing in arbitrary dimension},
	volume = {30},
	year = {2018}}

@phdthesis{bhattacharya2016power,
	author = {Bhattacharya, Bhaswar B.},
	school = {Stanford University},
	title = {Power of graph-based two-sample tests},
	year = {2016}}

@article{ramdas2015adaptivity,
	author = {Ramdas, Aaditya and Reddi, Sashank and Poczos, Barnabas and Singh, Aarti and Wasserman, Larry},
	journal = {arXiv preprint arXiv:1508.00655},
	title = {Adaptivity and computation-statistics tradeoffs for kernel and distance based high dimensional two sample testing},
	year = {2015}}

@article{ramdas2015decreasing,
	author = {Ramdas, Aaditya and Reddi, Sashank and Pczos, Barnabas and Singh, Aarti and Wasserman, Larry},
	journal = {Twenty-Ninth Conference on Artificial Intelligence},
	pages = {3571--3577},
	title = {On the decreasing power of kernel and distance based nonparametric hypothesis tests in high dimensions.},
	year = {2015}}

@article{ramdas2017wasserstein,
	author = {Ramdas, Aaditya and Trillos, Nicolas Garcia and Cuturi, Marco},
	journal = {Entropy},
	number = {2},
	pages = {47},
	publisher = {Multidisciplinary Digital Publishing Institute},
	title = {On {Wasserstein} two-sample testing and related families of nonparametric tests},
	volume = {19},
	year = {2017}}

@article{sejdinovic2013equivalence,
	author = {Sejdinovic, Dino and Sriperumbudur, Bharath and Gretton, Arthur and Fukumizu, Kenji},
	journal = {Annals of Statistics},
	number = {5},
	pages = {2263--2291},
	publisher = {JSTOR},
	title = {Equivalence of distance-based and {RKHS-based} statistics in hypothesis testing},
	volume = {41},
	year = {2013}}

@article{lyons2013distance,
	author = {Lyons, Russell},
	journal = {Annals of Probability},
	number = {5},
	pages = {3284--3305},
	publisher = {Institute of Mathematical Statistics},
	title = {Distance covariance in metric spaces},
	volume = {41},
	year = {2013}}

@article{baringhaus2004new,
	author = {Baringhaus, Ludwig and Franz, Carsten},
	journal = {Journal of Multivariate Analysis},
	number = {1},
	pages = {190--206},
	publisher = {Elsevier},
	title = {On a new multivariate two-sample test},
	volume = {88},
	year = {2004}}

@article{mann1947test,
	author = {Mann, Henry B. and Whitney, Donald R.},
	journal = {Annals of Mathematical Statistics},
	number = {1},
	pages = {50--60},
	title = {On a Test of Whether one of Two Random Variables is Stochastically Larger than the Other},
	volume = {18},
	year = {1947}}

@article{wilcoxon1945individual,
	author = {Wilcoxon, Frank},
	journal = {Biometrics Bulletin},
	number = {6},
	pages = {80--83},
	title = {Individual Comparisons by Ranking Methods},
	volume = {1},
	year = {1945}}

@article{liu1993quality,
	author = {Liu, Regina Y. and Singh, Kesar},
	journal = {Journal of the American Statistical Association},
	number = {421},
	pages = {252--260},
	publisher = {Taylor \& Francis Group},
	title = {A quality index based on data depth and multivariate rank tests},
	volume = {88},
	year = {1993}}

@article{friedman1979multivariate,
	author = {Friedman, Jerome H and Rafsky, Lawrence C},
	journal = {Annals of Statistics},
	number = {4},
	pages = {697--717},
	publisher = {JSTOR},
	title = {Multivariate generalizations of the {Wald-Wolfowitz} and {Smirnov} two-sample tests},
	volume = {7},
	year = {1979}}

@article{wald1940test,
	author = {Wald, Abraham and Wolfowitz, Jacob},
	journal = {Annals of Mathematical Statistics},
	number = {2},
	pages = {147--162},
	publisher = {JSTOR},
	title = {On a test whether two samples are from the same population},
	volume = {11},
	year = {1940}}

@article{schilling1986multivariate,
	author = {Schilling, Mark F.},
	journal = {Journal of the American Statistical Association},
	number = {395},
	pages = {799--806},
	publisher = {Taylor \& Francis Group},
	title = {Multivariate two-sample tests based on nearest neighbors},
	volume = {81},
	year = {1986}}

@article{henze1988multivariate,
	author = {Henze, Norbert},
	journal = {Annals of Statistics},
	number = {2},
	pages = {772--783},
	publisher = {JSTOR},
	title = {A multivariate two-sample test based on the number of nearest neighbor type coincidences},
	volume = {16},
	year = {1988}}

@article{anderson1952asymptotic,
	author = {Anderson, Theodore W. and Darling, Donald A.},
	journal = {Annals of Mathematical Statistics},
	number = {2},
	pages = {193--212},
	title = {Asymptotic Theory of Certain Goodness of Fit Criteria Based on Stochastic Processes},
	volume = {23},
	year = {1952}}

@article{calitz1987alternative,
	author = {Calitz, Fred},
	journal = {Communications in Statistics: Theory and Methods},
	number = {12},
	pages = {3519--3534},
	title = {An alternative to the {Kolmogorov-Smirnov} test for goodness of fit},
	volume = {16},
	year = {1987}}

@article{bryson1974heavy,
	author = {Bryson, Maurice C.},
	journal = {Technometrics},
	number = {1},
	pages = {61--68},
	title = {Heavy-Tailed Distributions: Properties and Tests},
	volume = {16},
	year = {1974}}

@article{kolmogorov1933sulla,
	author = {Kolmogorov, Andrey},
	journal = {Giornale dell'Istituto Italiano degli Attuari},
	pages = {83--91},
	title = {Sulla determinazione empirica di una legge di distribuzione},
	volume = {4},
	year = {1933}}

@article{smirnov1948table,
	author = {Smirnov, Nikolai},
	journal = {Annals of Mathematical Statistics},
	number = {2},
	pages = {279--281},
	title = {Table for Estimating the Goodness of Fit of Empirical Distributions},
	volume = {19},
	year = {1948}}

@article{anderson1954test,
	author = {Anderson, Theodore W. and Darling, Donald A.},
	journal = {Journal of the American Statistical Association},
	number = {268},
	pages = {765--769},
	title = {A Test of Goodness of Fit},
	volume = {49},
	year = {1954}}

@article{mason1983modified,
	author = {Mason, David M. and Schuenemeyer, John H.},
	journal = {Annals of Statistics},
	number = {3},
	pages = {933--946},
	title = {A Modified {Kolmogorov-Smirnov} Test Sensitive to Tail Alternatives},
	volume = {11},
	year = {1983}}

@article{birge2000adaptive,
	author = {Birg{\'e}, L. and Massart, P.},
	day = {01},
	issn = {1432-0940},
	journal = {Constructive Approximation},
	month = {Jan},
	number = {1},
	pages = {1--36},
	title = {An Adaptive Compression Algorithm in Besov Spaces},
	volume = {16},
	year = {2000}}

@article{nickl2007bracketing,
	author = {Nickl, Richard and Potscher, Benedikt M.},
	journal = {Journal of Theoretical Probability},
	number = {2},
	pages = {177--199},
	title = {Bracketing Metric Entropy Rates and Empirical Central Limit Theorems for Function Classes of {Besov-} and {Sobolev-}Type},
	volume = {20},
	year = {2007}}

@book{dudley1999uniform,
	author = {Dudley, Richard M.},
	publisher = {Cambridge University Press},
	title = {Uniform Central Limit Theorems},
	year = {1999}}

@article{sriperumbudur2012empirical,
	author = {Sriperumbudur, Bharath K. and Fukumizu, Kenji and Gretton, Arthur and Scholkopf, Bernard and Lanckriet, Gert R. G.},
	journal = {Electronic Journal of Statistics},
	number = {10},
	pages = {1550--1599},
	title = {On the empirical estimation of integral probability metrics},
	volume = {6},
	year = {2012}}

@article{sriperumbudur2010nonparametric,
	author = {Sriperumbudur, Bharath K. and Fukumizu, Kenji and Gretton, Arthur and Scholkopf, Bernard and Lanckriet, Gert R. G.},
	journal = {IEEE International Symposium on Information Theory},
	pages = {1428--1432},
	title = {Non-parametric estimation of integral probability metrics},
	year = {2010}}

@article{fan1996test,
	author = {Fan, Jianqing},
	journal = {Journal of the American Statistical Association},
	number = {434},
	pages = {674-688},
	title = {Test of Significance Based on Wavelet Thresholding and Neyman's Truncation},
	volume = {91},
	year = {1996}}

@article{gretton2012kernel,
	author = {Gretton, Arthur and Borgwardt, Karsten M. and Rasch, Malte J. and Schelkopf, Bernhard and Smola, Alexander},
	journal = {Journal of Machine Learning Research},
	pages = {723--773},
	title = {A Kernel Two-sample Test},
	volume = {13},
	year = {2012}}

@book{bottcher2005spectral,
	author = {Bottcher, Albrecht and Grudsky, Sergei M.},
	publisher = {Society for Industrial and Applied Mathematics},
	title = {Spectral Properties of Banded Toeplitz Matrices},
	year = {2005}}

@article{bogoya2016eigenvectors,
	author = {Bogoya, Johan M. and Bottcher, Albrecht and Grudsky, Sergei M. and Maximenko, Egor A.},
	journal = {Linear Algebra and its Applications},
	pages = {606--637},
	title = {Eigenvectors of {Hermitian Toeplitz} matrices with smooth simple-loop symbols},
	volume = {493},
	year = {2016}}

@article{eldar2009generalized,
	author = {Eldar, Yonina C.},
	journal = {IEEE Transactions on Signal Processing},
	number = {2},
	pages = {471--481},
	title = {Generalized SURE for Exponential Families: Applications to Regularization},
	volume = {57},
	year = {2009}}

@article{deledalle2017estimation,
	author = {Deledalle, Charles-Alban},
	journal = {Electronic Journal of Statistics},
	number = {2},
	pages = {3141--3164},
	title = {Estimation of {Kullback-Leibler} losses for noisy recovery problems within the exponential family},
	volume = {11},
	year = {2017}}

@article{hudson1978natural,
	author = {Hudson, H. Malcolm},
	journal = {Annals of Statistics},
	month = {05},
	number = {3},
	pages = {473--484},
	title = {A Natural Identity for Exponential Families with Applications in Multiparameter Estimation},
	volume = {6},
	year = {1978}}

@article{efron1975defining,
	author = {Efron, Bradley},
	journal = {Annals of Statistics},
	number = {6},
	pages = {1189--1242},
	title = {Defining the Curvature of a Statistical Problem (with Applications to Second Order Efficiency)},
	volume = {3},
	year = {1975}}

@article{bregman1967relaxation,
	author = {Bregman, Lev M.},
	journal = {USSR Computational Mathematics and Mathematical Physics},
	number = 4,
	pages = {200--217},
	title = {The relaxation method of finding the common points of convex sets and its application to the solution of problems in convex programming},
	volume = 7,
	year = 1967}

@unpublished{hodrick1981business,
	author = {Hodrick, Robert J. and Prescott, Edward C.},
	note = {Working paper, Northwestern University},
	title = {Postwar U.S. Business Cycles: An Empirical Investigation},
	year = 1981}

@article{hodrick1997business,
	author = {Hodrick, Robert J. and Prescott, Edward C.},
	journal = {Journal of Money, Credit, and Banking},
	number = 1,
	pages = {1--16},
	title = {Postwar U.S. Business Cycles: An Empirical Investigation},
	volume = 29,
	year = 1997}

@article{lee2014proximal,
	author = {Lee, Jason and Sun, Yuekai and Saunders, Michael},
	journal = {SIAM Journal on Optimization},
	number = {3},
	pages = {1420--1443},
	title = {Proximal Newton-Type Methods for Minimizing Composite Functions},
	volume = {24},
	year = {2014}}

@article{jin2015fast,
	author = {Jin, Jiashun},
	journal = {Annals of Statistics},
	month = {02},
	number = {1},
	pages = {57--89},
	title = {Fast community detection by {SCORE}},
	volume = {43},
	year = {2015}}

@article{furnival1974regression,
	author = {Furnival, George and Wilson, Robert},
	journal = {Technometrics},
	number = 4,
	pages = {499--511},
	title = {Regression by leaps and bounds},
	volume = 16,
	year = 1974}

@article{natarajan1995sparse,
	author = {Natarajan, Balas K.},
	journal = {SIAM Journal on Computing},
	number = {2},
	pages = {227--234},
	title = {Sparse Approximate Solutions to Linear Systems},
	volume = {24},
	year = {1995}}

@article{bertsimas2016best,
	author = {Bertsimas, Dimitris and King, Angela and Mazumder, Rahul},
	journal = {Annals of Statistics},
	number = {2},
	pages = {813--852},
	title = {Best subset selection via a modern optimization lens},
	volume = {44},
	year = {2016}}

@article{burman1989comparative,
	author = {Burman, Prabir},
	journal = {Biometrika},
	number = {3},
	pages = {503--514},
	title = {A comparative study of ordinary cross-validation, v-fold cross-validation and the repeated learning-testing methods},
	volume = {76},
	year = {1989}}

@article{arlot2010survey,
	author = {Arlot, Sylvain and Celisse, Alain},
	journal = {Statistics Surveys},
	pages = {40--79},
	title = {A survey of cross-validation procedures for model selection},
	volume = {4},
	year = {2010}}

@article{leeb2008evaluation,
	author = {Leeb, Hannes},
	journal = {Bernoulli},
	number = {3},
	pages = {661-690},
	title = {Evaluation and selection of models for out-of-sample prediction when the sample size is small relative to the complexity of the data-generating process},
	volume = {14},
	year = {2008}}

@article{breiman1992submodel,
	author = {Breiman, Leo and Spector, Philip},
	journal = {International Statistical Review},
	number = {3},
	pages = {291--319},
	title = {Submodel Selection and Evaluation in Regression. {The} X-Random Case},
	volume = {60},
	year = {1992}}

@article{breiman1983how,
	author = {Breiman, Leo and Freedman, David},
	journal = {Journal of the American Statistical Association},
	number = {381},
	pages = {131--136},
	title = {How Many Variables Should be Entered in a Regression Equation?},
	volume = {78},
	year = {1983}}

@unpublished{chatterjee2013assumptionless,
	author = {Chatterjee, Sourav},
	note = {arXiv: 1303.5817},
	title = {Assumptionless consistency of the lasso},
	year = 2013}

@book{vapnik1998statistical,
	author = {Vapnik, Vladimir N.},
	publisher = {Wiley},
	title = {Statistical Learning Theory},
	year = 1998}

@article{elkaroui2009concentration,
	author = {El Karoui, Noureddine},
	journal = {Annals of Applied Probability},
	month = {12},
	number = {6},
	pages = {2362--2405},
	title = {Concentration of measure and spectra of random matrices: {Applications} to correlation matrices, elliptical distributions and beyond},
	volume = {19},
	year = {2009}}

@article{dicker2013optimal,
	author = {Dicker, Lee H.},
	journal = {Electronic Journal of Statistics},
	pages = {1806--1834},
	title = {Optimal equivariant prediction for high-dimensional linear models with arbitrary predictor covariance},
	volume = {7},
	year = {2013}}

@unpublished{dobriban2015high,
	author = {Dobriban, Edgar and Wager, Stefan},
	note = {arXiv: 1507.03003},
	title = {High-Dimensional Asymptotics of Prediction: {Ridge} Regression and Classification},
	year = {2015}}

@article{groves1969note,
	author = {Groves, Theodore and Rothenberg, Thomas},
	journal = {Biometrika},
	number = {3},
	pages = {690--691},
	title = {A Note on the Expected Value of an Inverse Matrix},
	volume = {56},
	year = {1969}}

@incollection{stein1960multiple,
	author = {Stein, Charles},
	booktitle = {Contributions to Probability and Statistics: Essays in Honor of Harold Hotelling},
	editor = {Olkin, Ingram},
	pages = {424--443},
	publisher = {Stanford University Press},
	title = {Multiple Regression},
	year = {1960}}

@article{tukey1967discussion,
	author = {Tukey, John W.},
	journal = {Journal of the Royal Statistical Society, Series B,},
	number = {1},
	pages = {2--52},
	title = {Discussion of ``{Topics} in the Investigation of Linear Relations fitted by the Method of Least Squares''},
	volume = {29},
	year = {1967}}

@unpublished{sclove1969criteria,
	author = {Sclove, Stanley L.},
	note = {Technical Report, Carnegie Mellon University},
	title = {On criteria for choosing a regression equation for prediction},
	year = 1969}

@article{hocking1976analysis,
	author = {Hocking, Ronald R.},
	journal = {Biometrics},
	number = {1},
	pages = {1--49},
	title = {The Analysis and Selection of Variables in Linear Regression},
	volume = {32},
	year = {1976}}

@article{neumann2000multi,
	author = {Neumann, Michael H.},
	journal = {Statistica Sinica},
	number = 2,
	pages = {399--431},
	title = {Multivariate wavelet thresholding in anisotropic function spaces},
	volume = 10,
	year = 2000}

@article{tibshirani2017dykstra,
	author = {Tibshirani, Ryan J.},
	journal = {Advances in Neural Information Processing Systems},
	title = {Dykstra's Algorithm, {ADMM}, and Coordinate Descent: {Connections}, Insights, and Extensions},
	volume = 30,
	year = 2017}

@article{talagrand1994sharper,
	author = {Talagrand, Michel},
	journal = {Annals of Probability},
	number = {1},
	pages = {28--76},
	title = {Sharper Bounds for {Gaussian} and Empirical Processes},
	volume = {22},
	year = {1994}}


@inproceedings{lin2017sharp,
	author = {Lin, Kevin and Sharpnack, James L and Rinaldo, Alessandro and Tibshirani, Ryan J},
	booktitle = {Advances in Neural Information Processing Systems},
	editor = {Guyon, I. and Luxburg, U. Von and Bengio, S. and Wallach, H. and Fergus, R. and Vishwanathan, S. and Garnett, R.},
	title = {A Sharp Error Analysis for the Fused Lasso, with Application to Approximate Changepoint Screening},
  publisher = {Curran Associates, Inc.},
	volume = {30},
	year = {2017}}


@article{tropp2012user,
	author = {Tropp, Joel A.},
	journal = {Foundations of Computational Mathematics},
	number = {4},
	pages = {389--434},
	title = {User-Friendly Tail Bounds for Sums of Random Matrices},
	volume = {12},
	year = {2012}}

@article{zhang2003wavelet,
	author = {Zhang, Shuanglin and Wong, Man-Yu},
	journal = {Annals of Statistics},
	number = {1},
	pages = {152--173},
	title = {Wavelet threshold estimation for additive regression models},
	volume = {31},
	year = {2003}}

@book{rockafellar2009variational,
	author = {Rockafellar, R. Tyrrell and Wets, Roger J-B},
	note = {Third printing},
	publisher = {Springer},
	title = {Variational analysis},
	year = {2009}}

@article{bauschke1997legendre,
	author = {Bauschke, Heinz H. and Borwein, Jonathan M.},
	journal = {Journal of Convex Analysis},
	number = 1,
	pages = {27--67},
	title = {Legendre Functions and the Method of Random {Bregman} Projections},
	volume = 4,
	year = 1997}

@phdthesis{popoviciu1933sur,
	author = {Popoviciu, Tibere},
	school = {Faculte des Sciences de Paris},
	title = {Sur quelques proprietes des fonctions d'une ou de deux variables reelles},
	year = 1933}

@article{steffensen1939note,
	author = {Steffensen, Johan Frederik},
	journal = {Danske Videnskabernes Selskab Mathematisk-Fysiske Meddelelser},
	number = 3,
	pages = {1--12},
	title = {Note on divided differences},
	volume = 17,
	year = 1939}

@unpublished{phillips2015business,
	author = {Phillips, Peter C. B. and Jin, Sainan},
	note = {Cowles Foundation Discussion Paper no. 2005},
	title = {Business Cycles, Trend Elimination, and the {HP} Filter},
	year = 2015}

@unpublished{hamilton2016why,
	author = {Hamilton, James D.},
	note = {Working paper, University of California at San Diego},
	title = {Why You Should Never Use the {Hodrick-Prescott} Filter},
	year = 2016}

@article{trench1985explicit,
	author = {Trench, William F.},
	journal = {SIAM Journal on Algebraic Discrete Methods},
	number = {4},
	pages = {546--554},
	title = {Explicit inversion formulas for {Toeplitz} band matrices},
	volume = {6},
	year = {1985}}

@article{trench1974inversion,
	author = {Trench, William F.},
	journal = {Mathematics of Computation},
	number = {128},
	pages = {1089--1095},
	title = {Inversion of {Toeplitz} band matrices},
	volume = {28},
	year = {1974}}

@article{wang2013smoothing,
	author = {Wang, Xiao and Du, Pang and Shen, Jinglai},
	journal = {Biometrika},
	number = {4},
	pages = {955--970},
	title = {Smoothing splines with varying smoothing parameter},
	volume = {100},
	year = {2013}}

@article{dejong2016econometrics,
	author = {De Jong, Robert M. and Sakarya, Neslihan},
	journal = {Review of Economics and Statistics},
	number = {2},
	pages = {310--317},
	title = {The Econometrics of the {Hodrick-Prescott} Filter},
	volume = {98},
	year = {2016}}

@article{eldar2009generalized,
	author = {Eldar, Yonina C.},
	journal = {IEEE Transactions on Signal Processing},
	number = {2},
	pages = {471--481},
	title = {Generalized SURE for Exponential Families: Applications to Regularization},
	volume = {57},
	year = {2009}}

@article{deledalle2017estimation,
	author = {Deledalle, Charles-Alban},
	journal = {Electronic Journal of Statistics},
	number = {2},
	pages = {3141--3164},
	title = {Estimation of {Kullback-Leibler} losses for noisy recovery problems within the exponential family},
	volume = {11},
	year = {2017}}

@article{hudson1978natural,
	author = {Hudson, H. Malcolm},
	journal = {Annals of Statistics},
	month = {05},
	number = {3},
	pages = {473--484},
	title = {A Natural Identity for Exponential Families with Applications in Multiparameter Estimation},
	volume = {6},
	year = {1978}}

@article{efron1975defining,
	author = {Efron, Bradley},
	journal = {Annals of Statistics},
	number = {6},
	pages = {1189--1242},
	title = {Defining the Curvature of a Statistical Problem (with Applications to Second Order Efficiency)},
	volume = {3},
	year = {1975}}

@article{bregman1967relaxation,
	author = {Bregman, Lev M.},
	journal = {USSR Computational Mathematics and Mathematical Physics},
	number = 4,
	pages = {200--217},
	title = {The relaxation method of finding the common points of convex sets and its application to the solution of problems in convex programming},
	volume = 7,
	year = 1967}

@article{reinsch1967smoothing,
	author = {Reinsch, Christian H.},
	journal = {Numerische mathematik},
	number = {3},
	pages = {177--183},
	title = {Smoothing by spline functions},
	volume = {10},
	year = {1967}}

@article{bohlmann1899ausgleichungsproblem,
	author = {Bohlmann, Georg},
	journal = {Nachrichten von der Gesellschaft der Wissenschaften zu Gottingen, Mathematisch-Physikalische Klasse},
	pages = {260--271},
	title = {Ein Ausgleichungsproblem},
	volume = {1899},
	year = {1899}}

@article{whittaker1923new,
	author = {Whittaker, Edmund Taylor},
	journal = {On a new method of graduation},
	pages = {63--73},
	title = {Proceedings of the Edinburgh Mathematical Society},
	volume = {41},
	year = {1923}}

@article{henderson1924new,
	author = {Henderson, Robert},
	journal = {A new method of graduation},
	pages = {29--53},
	title = {Transactions of the Actuarial Society of America},
	volume = {25},
	year = {1924}}

@unpublished{hodrick1981business,
	author = {Hodrick, Robert J. and Prescott, Edward C.},
	note = {Working paper, Northwestern University},
	title = {Postwar U.S. Business Cycles: An Empirical Investigation},
	year = 1981}

@article{hodrick1997business,
	author = {Hodrick, Robert J. and Prescott, Edward C.},
	journal = {Journal of Money, Credit, and Banking},
	number = 1,
	pages = {1--16},
	title = {Postwar U.S. Business Cycles: An Empirical Investigation},
	volume = 29,
	year = 1997}

@article{lee2014proximal,
	author = {Lee, Jason and Sun, Yuekai and Saunders, Michael},
	journal = {SIAM Journal on Optimization},
	number = {3},
	pages = {1420--1443},
	title = {Proximal Newton-Type Methods for Minimizing Composite Functions},
	volume = {24},
	year = {2014}}

@article{jin2015fast,
	author = {Jin, Jiashun},
	journal = {Annals of Statistics},
	month = {02},
	number = {1},
	pages = {57--89},
	title = {Fast community detection by {SCORE}},
	volume = {43},
	year = {2015}}

@article{furnival1974regression,
	author = {Furnival, George and Wilson, Robert},
	journal = {Technometrics},
	number = 4,
	pages = {499--511},
	title = {Regression by leaps and bounds},
	volume = 16,
	year = 1974}

@article{natarajan1995sparse,
	author = {Natarajan, Balas K.},
	journal = {SIAM Journal on Computing},
	number = {2},
	pages = {227--234},
	title = {Sparse Approximate Solutions to Linear Systems},
	volume = {24},
	year = {1995}}

@article{bertsimas2016best,
	author = {Bertsimas, Dimitris and King, Angela and Mazumder, Rahul},
	journal = {Annals of Statistics},
	number = {2},
	pages = {813--852},
	title = {Best subset selection via a modern optimization lens},
	volume = {44},
	year = {2016}}

@article{burman1989comparative,
	author = {Burman, Prabir},
	journal = {Biometrika},
	number = {3},
	pages = {503--514},
	title = {A comparative study of ordinary cross-validation, v-fold cross-validation and the repeated learning-testing methods},
	volume = {76},
	year = {1989}}

@article{arlot2010survey,
	author = {Arlot, Sylvain and Celisse, Alain},
	journal = {Statistics Surveys},
	pages = {40--79},
	title = {A survey of cross-validation procedures for model selection},
	volume = {4},
	year = {2010}}

@article{leeb2008evaluation,
	author = {Leeb, Hannes},
	journal = {Bernoulli},
	number = {3},
	pages = {661-690},
	title = {Evaluation and selection of models for out-of-sample prediction when the sample size is small relative to the complexity of the data-generating process},
	volume = {14},
	year = {2008}}

@article{breiman1992submodel,
	author = {Breiman, Leo and Spector, Philip},
	journal = {International Statistical Review},
	number = {3},
	pages = {291--319},
	title = {Submodel Selection and Evaluation in Regression. {The} X-Random Case},
	volume = {60},
	year = {1992}}

@article{breiman1983how,
	author = {Breiman, Leo and Freedman, David},
	journal = {Journal of the American Statistical Association},
	number = {381},
	pages = {131--136},
	title = {How Many Variables Should be Entered in a Regression Equation?},
	volume = {78},
	year = {1983}}

@unpublished{chatterjee2013assumptionless,
	author = {Chatterjee, Sourav},
	note = {arXiv: 1303.5817},
	title = {Assumptionless consistency of the lasso},
	year = 2013}

@book{vapnik1998statistical,
	author = {Vapnik, Vladimir N.},
	publisher = {Wiley},
	title = {Statistical Learning Theory},
	year = 1998}

@article{elkaroui2009concentration,
	author = {El Karoui, Noureddine},
	journal = {Annals of Applied Probability},
	month = {12},
	number = {6},
	pages = {2362--2405},
	title = {Concentration of measure and spectra of random matrices: {Applications} to correlation matrices, elliptical distributions and beyond},
	volume = {19},
	year = {2009}}

@article{dicker2013optimal,
	author = {Dicker, Lee H.},
	journal = {Electronic Journal of Statistics},
	pages = {1806--1834},
	title = {Optimal equivariant prediction for high-dimensional linear models with arbitrary predictor covariance},
	volume = {7},
	year = {2013}}

@unpublished{dobriban2015high,
	author = {Dobriban, Edgar and Wager, Stefan},
	note = {arXiv: 1507.03003},
	title = {High-Dimensional Asymptotics of Prediction: {Ridge} Regression and Classification},
	year = {2015}}

@article{groves1969note,
	author = {Groves, Theodore and Rothenberg, Thomas},
	journal = {Biometrika},
	number = {3},
	pages = {690--691},
	title = {A Note on the Expected Value of an Inverse Matrix},
	volume = {56},
	year = {1969}}

@incollection{stein1960multiple,
	author = {Stein, Charles},
	booktitle = {Contributions to Probability and Statistics: Essays in Honor of Harold Hotelling},
	editor = {Olkin, Ingram},
	pages = {424--443},
	publisher = {Stanford University Press},
	title = {Multiple Regression},
	year = {1960}}

@article{tukey1967discussion,
	author = {Tukey, John W.},
	journal = {Journal of the Royal Statistical Society: Series B},
	number = {1},
	pages = {2--52},
	title = {Discussion of ``{Topics} in the Investigation of Linear Relations fitted by the Method of Least Squares''},
	volume = {29},
	year = {1967}}

@unpublished{sclove1969criteria,
	author = {Sclove, Stanley L.},
	note = {Technical Report, Carnegie Mellon University},
	title = {On criteria for choosing a regression equation for prediction},
	year = 1969}

@article{hocking1976analysis,
	author = {Hocking, Ronald R.},
	journal = {Biometrics},
	number = {1},
	pages = {1--49},
	title = {The Analysis and Selection of Variables in Linear Regression},
	volume = {32},
	year = {1976}}

@unpublished{buja2016models,
	author = {Buja, Andreas and Berk, Richard and Brown, Lawrence and George, Ed and Kuchibhotla, Arun Kumar and Zhao, Linda},
	note = {arXiv: 1612.03257},
	title = {Models as Approximations, {Part II: A} General Theory of Model-Robust Regression},
	year = 2016}

@unpublished{buja2014models,
	author = {Buja, Andreas and Berk, Richard and Brown, Lawrence and George, Edward and Pitkin, Emil and Traskin, Mikhail and Zhao, Linda and Zhang, Kai},
	note = {arXiv: 1404.1578},
	title = {Models as Approximations, {Part I: A} Conspiracy of Nonlinearity and Random Regressors in Linear Regression},
	year = 2014}

@article{thompson1978selection1,
	author = {Thompson, Mary L.},
	journal = {International Statistical Review},
	number = {1},
	pages = {1--19},
	title = {Selection of Variables in Multiple Regression: {Part I. A} Review and Evaluation},
	volume = {46},
	year = {1978}}

@article{thompson1978selection2,
	author = {Thompson, Mary L.},
	journal = {International Statistical Review},
	number = {2},
	pages = {129--146},
	title = {Selection of Variables in Multiple Regression: {Part II. Chosen} Procedures, Computations and Examples},
	volume = {46},
	year = {1978}}

@article{akaike1973information,
	author = {Akaike, Hirotogu},
	journal = {Second International Symposium on Information Theory},
	pages = {267--281},
	title = {Information theory and an extension of the maximum likelihood principle},
	year = 1973}

@book{korostelev1993minimax,
	author = {Korostelev, Aleksandr P. and Tsybakov, Alexandre B.},
	publisher = {Springer},
	title = {Minimax Theory of Image Reconstructions},
	year = {2003}}

@book{strikwerda2004finite,
	author = {Strikwerda, John C.},
	publisher = {Society for Industrial and Applied Mathematics},
	title = {Finite difference schemes and partial differential equations},
	year = {2004}}

@book{vandervaart1996weak,
	author = {van der Vaart, Aad and Wellner, Jon},
	publisher = {Springer},
	title = {Weak Convergence},
	year = {1996}}

@incollection{yu1997assouad,
	author = {Yu, Bin},
	booktitle = {Festschrift for Lucien Le Cam},
	pages = {423--435},
	publisher = {Springer},
	title = {Assouad, {Fano}, and {Le Cam}},
	year = {1997}}

@article{assouad1983deux,
	author = {Assouad, Patrice},
	journal = {Comptes rendus des s{\'e}ances de l'Acad{\'e}mie des sciences. S{\'e}rie 1, Math{\'e}matique},
	number = {23},
	pages = {1021--1024},
	title = {Deux remarques sur l'estimation},
	volume = {296},
	year = {1983}}

@incollection{poschl2008characterization,
	author = {Poschl, Christiane and Scherzer, Otmar},
	booktitle = {Frames and Operator Theory in Analysis and Signal Processing},
	pages = {219--248},
	publisher = {AMS eBook Collections},
	title = {Characterization of Minimizers of Convex Regularization Functionals},
	volume = 451,
	year = 2008}

@article{neuman1974discrete,
	author = {Neuman, Charles P. and Schonbach, Dave I.},
	journal = {International Journal for Numerical Methods in Engineering},
	number = {4},
	pages = {743--770},
	title = {Discrete {(Legendre)} orthogonal polynomials---a survey},
	volume = {8},
	year = {1974}}

@incollection{bottcher2010recent,
	author = {Bottcher, Albrecht and Grudsky, Sergei M. and Maksimenko, Egor A.},
	booktitle = {Recent Trends in Toeplitz and Pseudodifferential Operators},
	editor = {Duduchava, Roland and Gohberg, Israel and Grudsky, Sergei M. and Rabinovich, Vladimir},
	pages = {15--36},
	publisher = {Springer},
	title = {On the Structure of the Eigenvectors of Large Hermitian {Toeplitz} Band Matrices},
	volume = {210},
	year = {2010}}

@unpublished{sadhanala2017additive,
	author = {Sadhanala, Veeranjaneyulu and Tibshirani, Ryan J.},
	note = {arXiv: 1702.05037},
	title = {Additive models with trend filtering},
	year = {2017}}

@article{sharpnack2012sparsistency,
	author = {Sharpnack, James and Rinaldo, Alessandro and Singh, Aarti},
	journal = {International Conference on Artificial Intelligence and Statistics},
	title = {Sparsistency via the edge lasso},
	volume = 15,
	year = 2012}

@article{gavish2010multiscale,
	author = {Gavish, Matan and Nadler, Boaz and Coifman, Ronald},
	journal = {International Conference on Machine Learning},
	pages = {367--374},
	title = {Multiscale wavelets on trees, graphs and high dimensional data: {Theory} and applications to semi supervised learning},
	volume = {27},
	year = {2010}}

@article{sharpnack2013detect,
	author = {Sharpnack, James and Singh, Aarti and Krishnamurthy, Akshay},
	journal = {International Conference on Artificial Intelligence and Statistics},
	pages = {536--544},
	title = {Detecting Activations over Graphs using Spanning Tree Wavelet Bases},
	volume = 16,
	year = 2013}

@article{boykov2001fast,
	author = {Boykov, Yuri and Veksler, Olga and Zabih, Ramin},
	journal = {IEEE Transactions on Pattern Analysis and Machine Intelligence},
	number = {11},
	pages = {1--18},
	title = {Fast Approximate Energy Minimization via Graph Cuts},
	volume = {23},
	year = {2001}}

@article{boykov2004experimental,
	author = {Boykov, Yuri and Kolmogorov, Vladimir},
	journal = {IEEE Transactions on Pattern Analysis and Machine Intelligence},
	number = {9},
	pages = {1124--1137},
	title = {An Experimental Comparison of Min-Cut/Max-Flow Algorithms for Energy Minimization in Vision},
	volume = {26},
	year = {2004}}

@article{donoho1994minimax,
	author = {Donoho, David and Johnstone, Iain},
	journal = {Probability Theory and Related Fields},
	number = 2,
	pages = {277--303},
	title = {Minimax risk over $\ell_p$-balls for $\ell_q$-error},
	volume = 99,
	year = 1994}

@article{bredies2010total,
	author = {Bredies, Kristian and Kunisch, Karl and Pock, Thomas},
	journal = {SIAM Journal on Imaging Sciences},
	number = {3},
	pages = {492--526},
	title = {Total generalized variation},
	volume = {3},
	year = {2010}}

@book{wasserman2006nonparametric,
	address = {New York},
	author = {Wasserman, Larry},
	publisher = {Springer},
	title = {All of Nonparametric Statistics},
	year = 2006}

@article{needell2013stable,
	author = {Needell, Deanna and Ward, Rachel},
	journal = {SIAM Journal on Imaging Sciences},
	number = 2,
	pages = {1035--1058},
	title = {Stable Image Reconstruction Using Total Variation Minimization},
	volume = 6,
	year = 2013}

@article{acar1994analysis,
	author = {Acar, Robert and Vogel, Curtis R.},
	journal = {Inverse Problems},
	pages = {1217--1229},
	title = {Analysis of bounded variation penalty methods for ill-posed problems},
	volume = 10,
	year = 1994}

@article{dobson1996recovery,
	author = {Dobson, David and Santosa, Fadil},
	journal = {SIAM Journal on Applied Mathematics},
	number = 4,
	pages = {1181--1198},
	title = {Recovery of Blocky Images from Noisy and Blurred Data},
	volume = 56,
	year = 1996}

@article{chambolle1997image,
	author = {Chambolle, Antonin and Lions, Pierre-Louis},
	journal = {Numerische Mathematik},
	number = 2,
	pages = {167--188},
	title = {Image recovery via total variation minimization and related problems},
	volume = 76,
	year = 1997}

@book{conte1980elementary,
	address = {New York},
	author = {Conte, Samuel and de Boor, Carl},
	note = {International Series in Pure and Applied Mathematics},
	publisher = {McGraw-Hill},
	title = {Elementary Numerical Analysis: An Algorithmic Approach},
	year = 1980}

@book{godunov1987difference,
	address = {Amsterdam},
	author = {Godunov, S. and Ryabenkii, V.},
	editor = {Lions, J. and Papanicolaou, G. and Fujita, H. and Keller, H.},
	note = {Number 19 in Studies in Mathematics and Its Applications},
	publisher = {Elsevier},
	title = {Difference Schemes: An Introduction to the Underlying Theory},
	year = 1987}

@article{ng1999fast,
	author = {Ng, Michael and Chan, Raymond and Tang, Wun-Cheung},
	journal = {SIAM Journal on Scientific Computing},
	number = 3,
	pages = {851--866},
	title = {A fast algorithm for deblurring models with {Neumann} boundary conditions},
	volume = 21,
	year = 1999}

@article{wang2008alternating,
	author = {Wang, Yilun and Yang, Junfeng and Yin, Wotao and Zhang, Yin},
	journal = {SIAM Journal on Imaging Sciences},
	number = 3,
	pages = {248--272},
	title = {A New Alternating Minimization Algorithm for Total Variation Image Reconstruction},
	volume = 1,
	year = 2008}

@article{kunsch1994robust,
	author = {Kunsch, Hans},
	journal = {Annals of the Institute of Statistical Mathematics},
	number = 1,
	pages = {1--19},
	title = {Robust priors for smoothing and image restoration},
	volume = 46,
	year = 1994}

@article{sharpnack2010identifying,
	author = {Sharpnack, James and Singh, Aarti},
	journal = {Advances in Neural Information Processing Systems},
	title = {Identifying graph-structured activation patterns in networks},
	volume = 23,
	year = 2010}

@article{luxburg2008tutorial,
	author = {von Luxburg, Ulrike},
	journal = {Statistics and Computing},
	number = 4,
	pages = {395--416},
	title = {A tutorial on spectral clustering},
	volume = 17,
	year = 2007}

@article{belkin2003laplacian,
	author = {Belkin, Mikhail and Niyogi, Partha},
	journal = {Neural Computation},
	number = 6,
	pages = {1373--1396},
	title = {Laplacian eigenmaps for dimensionality reduction and data representation},
	volume = 15,
	year = 2003}

@article{belkin2004semisupervised,
	author = {Belkin, Mikhail and Niyogi, Partha},
	journal = {Machine Learning},
	number = {1--3},
	pages = {209--239},
	title = {Semi-supervised learning on {Riemannian} manifolds},
	volume = 56,
	year = 2004}

@article{ando2006learning,
	author = {Ando, Rie and Zhang, Tong},
	journal = {Advances in Neural Information Processing Systems},
	title = {Learning on graph with {Laplacian} regularization},
	volume = 9,
	year = 2006}

@article{belkin2005manifold,
	author = {Belkin, Mikhail and Niyogi, Partha and Sindhwani, Vikas},
	journal = {International Conference on Artificial Intelligence and Statistics},
	title = {On Manifold Regularization},
	volume = 8,
	year = 2005}

@article{belkin2002using,
	author = {Belkin, Mikhail and Niyogi, Partha},
	journal = {Advances in Neural Information Processing Systems},
	title = {Using manifold structure for partially labelled classification},
	volume = 15,
	year = 2002}

@article{smola2003kernels,
	author = {Smola, Alexander and Kondor, Risi},
	journal = {Conference on Learning Theory},
	title = {Kernels and Regularization on Graphs},
	volume = {16},
	year = {2003}}

@article{zhu2003semisupervised,
	author = {Zhu, Xiaojin and Ghahramani, Zoubin and Lafferty, John},
	journal = {International Conference on Machine Learning},
	title = {Semi-supervised learning using {Gaussian} fields and harmonic functions},
	volume = {20},
	year = {2003}}

@article{zhou2005learning,
	author = {Zhou, Dengyong and Huang, Jiayuan and Scholkopf, Bernhard},
	journal = {International Conference on Machine Learning},
	title = {Learning from Labeled and Unlabeled Data on a Directed Graph},
	volume = {22},
	year = {2005}}


@article{belkin2005towards,
	author = {Belkin, Mikhail and Niyogi, Partha},
	journal = {Journal of Computer and System Sciences},
	number = {8},
	pages = {1289-1308},
	title = {Towards a theoretical foundation for Laplacian-based manifold methods},
	volume = {74},
	year = {2008}}


@article{vogel1996iterative,
	author = {Vogel, Curtis R. and Oman, M. E.},
	journal = {SIAM Journal on Scientific Computing},
	number = 1,
	pages = {227--238},
	title = {Iterative methods for total variation denoising},
	volume = 17,
	year = 1996}

@article{chang2016asynchronousI,
	author = {Chang, Tsung-Hui and Hong, Mingyi and Liao, Wei-Cheng and Wang, Xiangfeng},
	journal = {IEEE Transactions on Signal Processing},
	number = {12},
	pages = {3118--3130},
	title = {Asynchronous Distributed {ADMM} for Large-Scale Optimization---Part I: Algorithm and Convergence Analysis},
	volume = {64},
	year = {2016}}

@article{chang2016asynchronousII,
	author = {Chang, Tsung-Hui and Liao, Wei-Cheng and Hong, Mingyi and Wang, Xiangfeng},
	journal = {IEEE Transactions on Signal Processing},
	number = {12},
	pages = {3131-3144},
	title = {Asynchronous Distributed {ADMM} for Large-Scale Optimization---Part II: Linear Convergence Analysis and Numerical Performance},
	volume = {64},
	year = {2016}}

@article{eckstein1992douglas,
	author = {Eckstein, Jonathan and Bertsekas, Dimitri P.},
	journal = {Mathematical Programming},
	number = {1},
	pages = {293--318},
	title = {On the {Douglas-Rachford} splitting method and the proximal point algorithm for maximal monotone operators},
	volume = {55},
	year = {1992}}

@article{gabay1983applications,
	author = {Gabay, Daniel},
	journal = {Studies in Mathematics and Its Applications},
	pages = {299--331},
	title = {Applications of the Method of Multipliers to Variational Inequalities},
	volume = {15},
	year = {1983}}

@article{jaggi2014communication,
	author = {Jaggi, Martin and Smith, Virginia and Takac, Martin and Terhorst, Jonathan and Krishnan, Sanjay and Hofmann, Thomas and Jordan, Michael I.},
	journal = {Advances in Neural Information Processing},
	title = {Communication-Efficient Distributed Dual Coordinate Ascent},
	volume = {27},
	year = {2014}}

@article{richtarik2016parallel,
	author = {Richtarik, Peter and Takac, Martin},
	journal = {Mathematical Programming},
	number = {1},
	pages = {433--484},
	title = {Parallel coordinate descent methods for big data optimization},
	volume = {156},
	year = {2016}}

@article{beck2013convergence,
	author = {Beck, Amir and Tetruashvili, Luba},
	journal = {SIAM Journal on Optimization},
	number = {4},
	pages = {2037--2060},
	title = {On the Convergence of Block Coordinate Descent Type Methods},
	volume = {23},
	year = {2013}}

@article{li2016improved,
	author = {Li, Xingguo and Zhao, Tuo and Arora, Raman and Liu, Han and Hong, Mingyi},
	journal = {International Conference on Artificial Intelligence and Statistics},
	pages = {491--499},
	title = {An Improved Convergence Analysis of Cyclic Block Coordinate Descent-type Methods for Strongly Convex Minimization},
	volume = {19},
	year = {2016}}

@article{hong2017iteration,
	author = {Hong, Mingyi and Wang, Xiangfeng and Razaviyayn, Meisam and Luo, Zhi-Quan},
	journal = {Mathematical Programming},
	number = {1},
	pages = {85--114},
	title = {Iteration complexity analysis of block coordinate descent methods},
	volume = {163},
	year = {2017}}

@article{sun2015improved,
	author = {Sun, Ruoyu and Hong, Mingyi},
	journal = {Advances in Neural Information Processing},
	title = {Improved Iteration Complexity Bounds of Cyclic Block Coordinate Descent for Convex Problems},
	volume = {28},
	year = {2015}}

@article{saha2013nonasymptotic,
	author = {Saha, Ankan and Tewari, Ambuj},
	journal = {SIAM Journal on Optimization},
	number = {1},
	pages = {576--601},
	title = {On the Nonasymptotic Convergence of Cyclic Coordinate Descent Methods},
	volume = {23},
	year = {2013}}

@article{wright2015coordinate,
	author = {Wright, Stephen J.},
	journal = {Mathematical Programming},
	number = {1},
	pages = {3--34},
	title = {Coordinate Descent Algorithms},
	volume = {151},
	year = {2015}}

@article{glowinski1975approximation,
	author = {Glowinski, Roland and Marroco, A.},
	journal = {Modelisation Mathematique et Analyse Numerique},
	number = {R2},
	pages = {41--76},
	title = {Sur l'approximation, par elements finis d'ordre un, et la resolution, par penalisation-dualite d'une classe de problemes de {Dirichlet} non lineaires},
	volume = {9},
	year = {1975}}

@article{gabay1976dual,
	author = {Gabay, Daniel and Mercier, Bertrand},
	journal = {Computers \& Mathematics with Applications},
	number = {1},
	pages = {17--40},
	title = {A dual algorithm for the solution of nonlinear variational problems via finite element approximation},
	volume = {2},
	year = {1976}}

@article{warga1963minimizing,
	author = {Warga, Jack},
	journal = {Journal of the Society for Industrial and Applied Mathematics},
	number = {3},
	pages = {588--593},
	title = {Minimizing Certain Convex Functions},
	volume = {11},
	year = {1963}}

@article{tseng1990dual,
	author = {Tseng, Paul},
	journal = {SIAM Journal on Control and Optimization},
	number = {1},
	pages = {214--29},
	title = {Dual Ascent Methods for Problems with Strictly Convex Costs and Linear Constraints: A Unified Approach},
	volume = {28},
	year = {1990}}

@article{tseng1987relaxation,
	author = {Tseng, Paul and Bertsekas, Dimitri P.},
	journal = {Mathematical Programming},
	number = {3},
	pages = {303--321},
	title = {Relaxation methods for problems with strictly convex separable costs and linear constraints},
	volume = {38},
	year = {1987}}

@article{luo1992convergence,
	author = {Luo, Zhi-Quan and Tseng, Paul},
	journal = {Journal of Optimization Theory and Applications},
	number = {1},
	pages = {7--35},
	title = {On the convergence of the coordinate descent method for convex differentiable minimization},
	volume = {72},
	year = {1992}}

@article{luo1993convergence,
	author = {Luo, Zhi-Quan and Tseng, Paul},
	journal = {Mathematics of Operations Research},
	number = {4},
	pages = {846--867},
	title = {On the Convergence Rate of Dual Ascent Methods for Linearly Constrained Convex Minimization},
	volume = {18},
	year = {1993}}

@article{tseng1993dual,
	author = {Tseng, Paul},
	journal = {Mathematical Programming},
	number = {1},
	pages = {231--247},
	title = {Dual coordinate ascent methods for non-strictly convex minimization},
	volume = {59},
	year = {1993}}

@book{bertsekas1989parallel,
	author = {Bertsekas, Dimitri P. and Tsitsiklis, John N.},
	publisher = {Prentice Hall},
	title = {Parallel and Distributed Computation: Numerical Methods},
	year = 1989}

@book{auslender1976optimisation,
	author = {Auslender, Alfred},
	publisher = {Masson},
	title = {Optimisation: Methodes Numeriques},
	year = 1976}

@book{luenberger1973introduction,
	author = {Luenberger, David},
	publisher = {Addison-Wesley},
	title = {Introduction to Linear and Nonlinear Programming},
	year = 1973}

@book{ortega1970iterative,
	author = {Ortega, James M. and Rheinboldt, Werner C.},
	publisher = {Academic Press},
	title = {Iterative Solution of Nonlinear Equations in Several Variables},
	year = 1970}

@article{boyle1986method,
	author = {Boyle, James P. and Dykstra, Richard L.},
	journal = {Advances in Order Restricted Statistical Inference: Proceedings of the Symposium on Order Restricted Statistical Inference},
	pages = {28--47},
	title = {A Method for Finding Projections onto the Intersection of Convex Sets in Hilbert Spaces},
	year = {1986}}

@article{dykstra1983algorithm,
	author = {Dykstra, Richard L.},
	journal = {Journal of the American Statistical Association},
	number = {384},
	pages = {837--842},
	title = {An Algorithm for Restricted Least Squares Regression},
	volume = {78},
	year = {1983}}

@article{han1988successive,
	author = {Han, Shih-Ping},
	journal = {Mathematical Programming},
	number = {1},
	pages = {1--14},
	title = {A Successive Projection Algorithm},
	volume = {40},
	year = {1988}}

@article{gaffke1989cyclic,
	author = {Gaffke, Norbert and Mathar, Rudolf},
	journal = {Metrika},
	number = {1},
	pages = {29--54},
	title = {A Cyclic Projection Algorithm via Duality},
	volume = {36},
	year = {1989}}

@article{iusem1990convergence,
	author = {Iusem, Alfredo N. and De Pierro, Alvaro R.},
	journal = {Mathematical Programming},
	number = {1},
	pages = {37--51},
	title = {On the convergence properties of {Hildreth's} quadratic programming algorithm},
	volume = {47},
	year = {1990}}

@article{deutsch1994rate,
	author = {Deutsch, Frank and Hundal, Hein},
	journal = {Numerical Functional Analysis and Optimization},
	number = {5--6},
	pages = {537--565},
	title = {The rate of convergence of {Dykstra's} cyclic projections algorithm: The polyhedral case},
	volume = {15},
	year = {1994}}

@article{censor1998dykstra,
	author = {Censor, Yair and Reich, Simeon},
	journal = {Communications in Applied Analysis},
	pages = {407--419},
	title = {The {Dykstra} algorithm with {Bregman} projections},
	volume = {48},
	year = {1998}}

@article{bauschke2000dykstra,
	author = {Bauschke, Heinz H. and Lewis, Adrian S.},
	journal = {Optimization},
	pages = {409--427},
	title = {Dykstra's algorithm with {Bregman} projections: a convergence proof},
	volume = {48},
	year = {2000}}

@book{deutsch2001best,
	author = {Deutsch, Frank},
	publisher = {Springer},
	title = {Best Approximation in Inner Product Spaces},
	year = {2001}}

@book{bauschke2011convex,
	author = {Bauschke, Heinz H. and Combettes, Patrick L.},
	publisher = {Springer},
	title = {Convex Analysis and Monotone Operator Theory in Hilbert Spaces},
	year = {2011}}

@unpublished{bauschke2013projection,
	author = {Bauschke, Heinz H. and Koch, Valentin R.},
	note = {arXiv: 1301.4506},
	title = {Projection Methods: Swiss Army Knives for Solving Feasibility and Best Approximation Problems with Halfspaces},
	year = {2013}}

@article{hildreth1957quadratic,
	author = {Hildreth, Clifford},
	journal = {Naval Research Logistics Quarterly},
	number = {1},
	pages = {79--85},
	title = {A quadratic programming procedure},
	volume = {4},
	year = {1957}}

@article{iusem1987simultaneous,
	author = {Iusem, Alfredo N. and Pierro, Alvaro R. De},
	journal = {SIAM Journal on Control and Optimization},
	number = {1},
	pages = {231--243},
	title = {A Simultaneous Iterative Method for Computing Projections on Polyhedra},
	volume = {25},
	year = {1987}}

@article{pierra1984decomposition,
	author = {Pierra, G.},
	journal = {Mathematical Programming},
	number = {1},
	pages = {96--115},
	title = {Decomposition through formalization in a product space},
	volume = {28},
	year = {1984}}

@book{vonneumann1950functional,
	author = {von Neumann, John},
	publisher = {Princeton University Press},
	title = {Functional Operators, Volume II: The Geometry of Orthogonal Spaces},
	year = 1950}

@article{halperin1962product,
	author = {Halperin, Israel},
	journal = {Acta Scientiarum Mathematicarum},
	pages = {96--99},
	title = {The Product of Projection Operators},
	volume = 23,
	year = 1962}

@article{douglas1956numerical,
	author = {Douglas, Jim and Rachford, H. H.},
	journal = {Transactions of the American Mathematical Society},
	pages = {421--439},
	title = {On the Numerical Solution of Heat Conduction Problems in Two and Three Space Variables},
	umber = {2},
	volume = {82},
	year = {1956}}

@article{lions1979splitting,
	author = {Lions, Pierre-Louis and Mercier, Bertrand},
	journal = {SIAM Journal on Numerical Analysis},
	number = {6},
	pages = {964--979},
	title = {Splitting Algorithms for the Sum of Two Nonlinear Operators},
	volume = {16},
	year = {1979}}

@article{nishihara2015general,
	author = {Nishihara, Robert and Lessard, Laurent and Recht, Benjamin and Packard, Andrew and Jordan, Michael I.},
	journal = {International Conference on Machine Learning},
	title = {A General Analysis of the Convergence of {ADMM}},
	volume = {32},
	year = {2015}}

@article{hong2017linear,
	author = {Hong, Mingyi and Luo, Zhi-Quan},
	journal = {Mathematical Programming},
	number = {1},
	pages = {165--199},
	title = {On the linear convergence of the alternating direction method of multipliers},
	volume = {162},
	year = {2017}}

@article{goldstein2014fast,
	author = {Goldstein, Tom and O'Donoghue, Brendan and Setzer, Simon and Baraniuk, Richard},
	journal = {SIAM Journal on Imaging Sciences},
	number = {3},
	pages = {1588--1623},
	title = {Fast Alternating Direction Optimization Methods},
	volume = {7},
	year = {2014}}

@article{kadkhodaie2015accelerated,
	author = {Kadkhodaie, Mojtaba and Christakopoulou, Konstantina and Sanjabi, Maziar and Banerjee, Arindam},
	journal = {International Conference on Knowledge Discovery and Data Mining},
	pages = {497--506},
	title = {Accelerated Alternating Direction Method of Multipliers},
	volume = {21},
	year = {2015}}

@article{chen2016direct,
	author = {Chen, Caihua and He, Bingsheng and Ye, Yinyu and Yuan, Xiaoming},
	journal = {Mathematical Programming},
	number = {1},
	pages = {57--79},
	title = {The direct extension of {ADMM} for multi-block convex minimization problems is not necessarily convergent},
	volume = {155},
	year = {2016}}

@article{lin2015global,
	author = {Lin, Tianyi and Ma, Shiqian and Zhang, Shuzhong},
	journal = {SIAM Journal on Optimization},
	number = {3},
	pages = {1478--1497},
	title = {On the Global Linear Convergence of the {ADMM} with MultiBlock Variables},
	volume = {25},
	year = {2015}}

@incollection{combettes2011proximal,
	author = {Combettes, Patrick L. and Pesquet, Jean-Christophe},
	booktitle = {Fixed-Point Algorithms for Inverse Problems in Science and Engineering},
	editor = {Bauschke, Heinz H. and Burachik, Regina S. and Combettes, Patrick L. and Elser, Veit and Luke, D. Russell and Wolkowicz, Henry},
	pages = {185--212},
	publisher = {Springer},
	title = {Proximal Splitting Methods in Signal Processing},
	year = {2011}}

@article{loh2012high,
	author = {Loh, Po-Ling and Wainwright, Martin J.},
	journal = {Annals of Statistics},
	number = {3},
	pages = {1637--1664},
	title = {High-dimensional regression with noisy and missing data: {P}rovable guarantees with nonconvexity},
	volume = {40},
	year = 2012}

@article{tibshirani2015general,
	author = {Tibshirani, Ryan J.},
	journal = {Journal of Machine Learning Research},
	pages = {2543--2588},
	title = {A General Framework for Fast Stagewise Algortihms},
	volume = 16,
	year = {2015}}

@article{okamoto1973distinctness,
	author = {Okamoto, Masashi},
	journal = {Annals of Statistics},
	number = 4,
	pages = {763-765},
	title = {Distinctness of the Eigenvalues of a Quadratic form in a Multivariate Sample},
	volume = 1,
	year = 1973}

@unpublished{padilla2016dfs,
	author = {Madrid Padilla, Oscar Hernan and Sharpnack, James and Scott, James and and Ryan J. Tibshirani},
	note = {arXiv: 1608.03384},
	title = {The {DFS} Fused Lasso: Linear-Time Denoising over General Graphs},
	year = 2016}

@article{ohagan1976bayes,
	author = {{O'Hagan}, Anthony and Leonard, Tom},
	journal = {Biometrika},
	number = 1,
	pages = {201--203},
	title = {Bayes estimation subject to uncertainty about parameter constraints},
	volume = 63,
	year = 1976}

@article{leeb2003finite,
	author = {Leeb, Hannes and Potscher, Benedikt},
	journal = {Econometric Theory},
	number = 1,
	pages = {100--142},
	title = {The Finite-Sample Distribution of Post-Model-Selection Estimators and Uniform versus Nonuniform Approximations},
	volume = 19,
	year = 2003}

@article{leeb2006canone,
	author = {Leeb, Hannes and Potscher, Benedikt},
	journal = {Annals of Statistics},
	number = 5,
	pages = {2554--2591},
	title = {Can one estimate the conditional distribution of post-model-selection estimators?},
	volume = 34,
	year = 2006}

@article{leeb2008canone,
	author = {Leeb, Hannes and Potscher, Benedikt},
	journal = {Econometric Theory},
	number = 2,
	pages = {338--376},
	title = {Can one estimate the unconditional distribution of post-model-selection estimators?},
	volume = 24,
	year = 2008}

@article{tian2017asymptotics,
	author = {Tian, Xiaoying and Taylor, Jonathan},
	journal = {Scandinavian Journal of Statistics},
	number = 2,
	pages = {480-499},
	title = {Asymptotics of selective inference},
	volume = 44,
	year = 2017}

@unpublished{markovic2017comparison,
	author = {Markovic, Jelena and Xia, Lucy and Taylor, Jonathan},
	note = {arXiv: 1703.06559},
	title = {Comparison of prediction errors: {Adaptive} p-values after cross-validation},
	year = 2017}

@unpublished{markovic2016bootstrap,
	author = {Markovic, Jelena and Taylor, Jonathan},
	note = {arXiv: 1612.07811},
	title = {Bootstrap inference after using multiple queries for model selection},
	year = 2016}

@unpublished{tian2015selective,
	author = {Tian, Xiaoying and Taylor, Jonathan},
	note = {arXiv: 1507.06739},
	title = {Selective inference with a randomized response},
	year = 2015}

@article{rosenthal1970subspaces,
	author = {Rosenthal, Haskell},
	journal = {Israel Journal of Mathematics},
	number = 3,
	pages = {273--303},
	title = {On the subspaces of $L_p$ ($p>2$) spanned by sequences of independent random variables},
	volume = 8,
	year = 1970}

@article{huang1998projection,
	author = {Huang, Jianhua},
	journal = {Annals of Statistics},
	number = 1,
	pages = {242--272},
	title = {Projection estimation in multiple regression with application to functional {ANOVA} models},
	volume = 26,
	year = 1998}

@article{cover1967nearest,
	author = {Cover, Thomas and Hart, Peter},
	journal = {IEEE Transactions on Information Theory},
	number = 1,
	pages = {21--27},
	title = {Nearest neighbor pattern classification},
	volume = 13,
	year = 1967}

@book{tsybakov2009introduction,
	author = {Tsybakov, Alexandre B.},
	publisher = {Springer},
	title = {Introduction to Nonparametric Estimation},
	year = 2009}

@book{gyorfi2002distribution,
	author = {Gyorfi, Laszlo and Kohler, Michael and Krzyzak, Adam and Walk, Harro},
	publisher = {Springer},
	title = {A Distribution-Free Theory of Nonparametric Regression},
	year = 2002}

@book{devroye1999probabilistic,
	author = {Devroye, Luc and Gyorfi, Laszlo and and Gabor Lugosi},
	publisher = {Springer},
	title = {A Probabilistic Theory of Pattern Recognition},
	year = 1996}

@article{yang1999nonparametric1,
	author = {Yang, Yuhong},
	journal = {IEEE Transactions on Information Theory},
	number = 7,
	pages = {2271--2284},
	title = {Nonparametric Classification--{Part I}: Rates of Convergence},
	volume = 45,
	year = 1999}

@article{yang1999nonparametric2,
	author = {Yang, Yuhong},
	journal = {IEEE Transactions on Information Theory},
	number = 7,
	pages = {2285--2292},
	title = {Nonparametric Classification--{Part II}: Model Selection for Adaptation},
	volume = 45,
	year = 1999}

@article{vandegeer2015penalized,
	author = {van de Geer, Sara and Muro, Alan},
	journal = {Journal of Statistical Planning and Inference},
	pages = {43--61},
	title = {Penalized least squares estimation in the additive model with different smoothness for the components},
	volume = 162,
	year = 2015}

@unpublished{tianharris2016prediction,
	author = {{Tian Harris}, Xiaoying},
	note = {arXv: 1610.06107},
	title = {Prediction error after model selection},
	year = 2016}

@unpublished{fithian2014optimal,
	author = {Fithian, William and Sun, Dennis and Taylor, Jonathan},
	note = {arXv: 1410.2597},
	title = {Optimal inference after model selection},
	year = 2014}

@article{lockhart2014significance,
	author = {Lockhart, Richard and Taylor, Jonathan and Tibshirani, Ryan J. and Tibshirani, Robert},
	journal = {Annals of Statistics},
	number = 2,
	pages = {413--468},
	title = {A significance test for the lasso},
	volume = 42,
	year = 2014}

@article{wasserman2014discussion,
	author = {Wasserman, Larry},
	journal = {Annals of Statistics},
	number = {2},
	pages = {501--508},
	title = {Discussion of ``{A} significance test for the lasso''},
	volume = {42},
	year = 2014}

@article{taylor2016inference,
	author = {Taylor, Jonathan and Loftus, Joshua and Tibshirani, Ryan J.},
	journal = {Annals of Statistics},
	number = 2,
	pages = {743--770},
	title = {Inference in Adaptive Regression via the Kac-Rice formula},
	volume = {44},
	year = 2016}

@article{tibshirani2016exact,
	author = {Tibshirani, Ryan J. and Taylor, Jonathan and Lockhart, Richard and and Robert Tibshirani},
	journal = {Journal of the American Statistical Association},
	number = 514,
	pages = {600--620},
	title = {Exact post-selection inference for sequential regression procedures},
	volume = 111,
	year = 2016}

@article{lee2016exact,
	author = {Lee, Jason and Sun, Dennis and Sun, Yukai and Taylor, Jonathan},
	journal = {Annals of Statistics},
	number = 3,
	pages = {907--927},
	title = {Exact post-selection inference, with application to the lasso},
	volume = 44,
	year = 2016}

@unpublished{hyun2016exact,
	author = {Hyun, Sangwon and G'Sell, Max and Tibshirani, Ryan J.},
	note = {arXv: 1606.03552},
	title = {Exact post-selection inference for changepoint detection and other generalized lasso problems},
	year = 2016}

@unpublished{choi2014selecting,
	author = {Choi, Yunjin and Taylor, Jonathan and Tibshirani, Robert},
	note = {arXiv: 1410.8260},
	title = {Selecting the number of principal components: estimation of the true rank of a noisy matrix},
	year = 2014}

@article{reid2017post,
	author = {Reid, Stephen and Taylor, Jonathan and Tibshirani, Robert},
	journal = {Canadian Journal of Statisitcs},
	number = 2,
	pages = {128-148},
	title = {Post-selection point and interval estimation of signal sizes in {Gaussian} samples},
	volume = 45,
	year = 2017}

@unpublished{loftus2014significance,
	author = {Loftus, Joshua and Taylor, Jonathan},
	note = {arXiv: 1405.3920},
	title = {A significance test for forward stepwise model selection},
	year = 2014}

@article{lee2014exact,
	author = {Lee, Jason and Taylor, Jonathan},
	journal = {Advances in Neural Information Processing Systems},
	title = {Exact Post Model Selection Inference for Marginal Screening},
	volume = 27,
	year = 2014}

@article{berk2013valid,
	author = {Berk, Richard and Brown, Lawrence and Buja, Andreas and Zhang, Kai and Zhao, Linda},
	journal = {Annals of Statistics},
	number = 2,
	pages = {802--837},
	title = {Valid Post-Selection Inference},
	volume = {41},
	year = 2013}

@unpublished{bachoc2014valid,
	author = {Bachoc, Francois and Leeb, Hannes and Potscher, Benedikt},
	note = {arXiv: 1412.4605},
	title = {Valid confidence intervals for post-model-selection predictors},
	year = 2014}

@article{nickl2013confidence,
	author = {Nickl, Richard and van de Geer, Sara},
	journal = {Annals of Statistics},
	number = 6,
	pages = {2852--2876},
	title = {Confidence sets in sparse regression},
	volume = 41,
	year = 2013}

@unpublished{kasy2015uniformity,
	author = {Kasy, Maximilian},
	note = {Unpublished manuscript},
	title = {Uniformity and the delta method},
	year = 2015}

@article{donoho1988onesided,
	author = {Donoho, David},
	journal = {Annals of Statistics},
	number = 4,
	pages = {1390--1420},
	title = {One-sided inference about functionals of a density},
	volume = 16,
	year = 1988}

@article{robins2006adaptive,
	author = {Robins, James and van der Vaart, Aad},
	journal = {Annals of Statistics},
	number = 1,
	pages = {229--253},
	title = {Adaptive nonparametric confidence sets},
	volume = 34,
	year = 2006}

@article{chernozhukov2014anti,
	author = {Chernozhukov, Victor and Chetverikov, Denis and Kato, Kengo},
	journal = {Annals of Statistics},
	number = 5,
	pages = {1787--1818},
	title = {Anti-concentration and honest, adaptive confidence bands},
	volume = 42,
	year = 2014}

@article{li1989honest,
	author = {Li, Ker-Chau},
	journal = {Annals of Statistics},
	number = 3,
	pages = {1001--1008},
	title = {Honest Confidence Regions for Nonparametric Regression},
	volume = 17,
	year = 1989}

@book{chen2011normal,
	author = {Chen, Louis and Goldstein, Larry and Shao, Qi-Man},
	publisher = {Springer},
	title = {Normal Approximation by {Stein's} Method},
	year = 2011}

@book{vandervaart1998asymptotic,
	author = {van der Vaart, Aad},
	publisher = {Cambridge University Press},
	title = {Asymptotic Statistics},
	year = 1998}

@book{ledoux1991probability,
	author = {Ledoux, Michel and Talagrand, Michel},
	publisher = {Springer},
	title = {Probability in Banach Spaces: Isoperimetry and Processes},
	year = 1991}

@book{szego1959orthogonal,
	author = {Szego, Gabor},
	publisher = {American Mathematical Society},
	title = {Orthogonal Polynomials},
	year = 1959}

@article{aptekarev2016orthogonal,
	author = {Aptekarev, Aleksandr Ivanovich and Denisov, Sergey and Tulyakov, Dmitry Nikolaevich},
	journal = {Journal of American Mathematical Society},
	number = 4,
	pages = {1117-1165},
	title = {On a problem by {Steklov}},
	volume = 29,
	year = 2016}

@book{wainwright2019high,
	author = {Wainwright, Martin J.},
	collection = {Cambridge Series in Statistical and Probabilistic Mathematics},
	date-modified = {2021-10-22 16:09:37 -0700},
	place = {Cambridge},
	publisher = {Cambridge University Press},
	series = {Cambridge Series in Statistical and Probabilistic Mathematics},
	title = {High-Dimensional Statistics: A Non-Asymptotic Viewpoint},
	year = {2019},
	bdsk-url-1 = {https://doi.org/10.1017/9781108627771}}

@article{janson2015effective,
	author = {Janson, Lucas and Fithian, William and Hastie, Trevor},
	journal = {Biometrika},
	number = 2,
	pages = {479--485},
	title = {Effective degrees of freedom: {A} flawed metaphor},
	volume = 102,
	year = 2015}

@article{ye1998measuring,
	author = {Ye, Jianming},
	journal = {Journal of the American Statistical Society},
	number = 441,
	pages = {120--131},
	title = {On measuring and correcting the effects of data mining and model selection},
	volume = 93,
	year = 1998}

@article{breiman1992little,
	author = {Breiman, Leo},
	journal = {Journal of the American Statistical Society},
	number = 419,
	pages = {738--754},
	title = {The Little Bootstrap and Other Methods for Dimensionality Selection in Regression: $X$-Fixed Prediction Error},
	volume = 87,
	year = 1992}

@article{birge2001alternative,
	author = {Birge, Lucien},
	journal = {IMS Lecture Notes--Monograph Series},
	pages = {113--133},
	title = {An alternative point of view on {Lepski's} method},
	volume = {36},
	year = {2001}}

@article{laurent2000adaptive,
	author = {Laurent, Beatrice and Massart, Pascal},
	journal = {Annals of Statistics},
	number = {5},
	pages = {1302--1338},
	title = {Adaptive estimation of a quadratic functional by model selection},
	volume = {28},
	year = {2000}}

@article{jameson2015simple,
	author = {Jameson, Graham},
	journal = {The Mathematical Gazette},
	number = {544},
	pages = {68--74},
	title = {A simple proof of {Stirling's} formula for the gamma function},
	volume = {99},
	year = 2015}

@article{nazarov2003maximal,
	author = {Nazarov, Fedor},
	journal = {Geometric Aspects of Functional Analysis},
	pages = {169--187},
	title = {On the maximal perimeter of a convex set in $\mathbb{R}^n$ with respect to {Gaussian} measure},
	volume = {1806},
	year = {2003}}

@article{klivans2008learning,
	author = {Klivans, Adam and O'Donnell, Ryan and Servedio, Rocco},
	journal = {Foundations of Computer Science},
	pages = {541--550},
	title = {Learning geometric concepts via {Gaussian} surface area},
	volume = {49},
	year = {2008}}

@article{ball1993reverse,
	author = {Ball, Keith},
	journal = {Discrete \& Computational Geometry},
	number = 4,
	pages = {411--420},
	title = {The reverse isoperimetric problem for {Gaussian} measure},
	volume = 10,
	year = 1993}

@book{efron2016computer,
	author = {Efron, Bradley and Hastie, Trevor},
	publisher = {Cambridge University Press},
	title = {Computer Age Statistical Inference: Algorithms, Inference, and Data Science},
	year = 2016}

@book{efron2010large,
	author = {Efron, Bradley},
	publisher = {Cambridge University Press},
	title = {Large-scale Simultaneous Inference: Empirical {Bayes} Methods for Estimation, Testing, and Prediction},
	year = 2010}

@book{johnstone2015gaussian,
	author = {Johnstone, Iain M.},
	note = {Draft version},
	publisher = {Cambridge University Press},
	title = {Gaussian Estimation: Sequence and Wavelet Models},
	year = 2015}

@article{efron2014estimation,
	author = {Efron, Bradley},
	journal = {Journal of the American Statistical Association},
	number = 507,
	pages = {991--1007},
	title = {Estimation and Accuracy after Model Selection},
	volume = 109,
	year = 2014}

@article{shao1994improving,
	author = {Shao, Peter Yi-Shi and Strawderman, William},
	journal = {Annals of Statistics},
	number = {3},
	pages = {1517--1538},
	title = {Improving on the {James-Stein positive-part} estimator},
	volume = {22},
	year = {1994}}

@unpublished{baranchik1964multiple,
	author = {Baranchik, Alvin},
	note = {Technical Report, Stanford University},
	title = {Multiple regression and estimation of the mean of a multivariate normal distribution},
	year = 1964}

@unpublished{baranchik1970family,
	author = {Baranchik, Alvin},
	journal = {Annals of Mathematical Statistics},
	pages = {642--645},
	title = {A family of minimax estimators of the mean of a multivariate normal distribution},
	volume = 41,
	year = 1970}

@article{james1961estimation,
	author = {James, W. and Stein, Charles},
	journal = {Proceedings of the Fourth Berkeley Symposium on Mathematical Statistics and Probability},
	pages = {361--379},
	title = {Estimation with quadratic loss},
	volume = 1,
	year = 1961}

@article{tarjan1972depth,
	author = {Tarjan, Robert},
	journal = {SIAM Journal on Computing},
	number = {2},
	pages = {146--160},
	title = {Depth-first search and linear graph algorithms},
	volume = {1},
	year = {1972}}

@article{abraham2012petal,
	author = {Abraham, Ittai and Neiman, Ofer},
	journal = {ACM Symposium on Theory of Computing},
	pages = {395--406},
	title = {Using Petal-decompositions to Build a Low Stretch Spanning Tree},
	volume = {44},
	year = {2012}}

@article{elkin2008lower,
	author = {Elkin, Michael and Emek, Yuval and Spielman, Daniel and Teng, Shang-Hua},
	journal = {SIAM Journal on Computing},
	number = {2},
	pages = {608--628},
	title = {Lower-stretch spanning trees},
	volume = {38},
	year = {2008}}

@book{cormen2001introduction,
	author = {Cormen, Thomas and Stein, Clifford and Rivest, Ronald and Leiserson, Charles},
	note = {Second edition},
	publisher = {McGraw-Hill Higher Education},
	title = {Introduction to Algorithms},
	year = {2001}}

@unpublished{landrieu2016cut,
	author = {Landrieu, Loic and Obozinski, Guillaume},
	note = {HAL: 01306779},
	title = {Cut pursuit: fast algorithms to learn piecewise constant functions on general weighted graphs},
	year = {2015}}

@unpublished{tansey2015fast,
	author = {Tansey, Wesley and Scott, James},
	note = {arXiv: 1505.06475},
	title = {A Fast and Flexible Algorithm for the Graph-Fused Lasso},
	year = {2015}}

@unpublished{lin2016approximate,
	author = {Lin, Kevin and Sharpnack, James and Rinaldo, Alessandro and Tibshirani, Ryan J},
	journal = {arXiv: 1606.06746},
	title = {Approximate Recovery in Changepoint Problems, from $\ell_{2}$ Estimation Error Rates},
	year = {2016}}

@unpublished{dalalyan2014prediction,
	author = {Dalalyan, Arnak S and Hebiri, Mohamed and Lederer, Johannes},
	note = {arXiv: 1402.1700},
	title = {On the prediction performance of the Lasso},
	year = {2014}}

@article{rinaldo2009properties,
	author = {Rinaldo, Alessandro},
	journal = {Annals of Statistics},
	number = 5,
	pages = {2922--2952},
	title = {Properties and refinements of the fused lasso},
	volume = 37,
	year = 2009}

@article{wang2016trend,
	author = {Wang, Yu-Xiang and Sharpnack, James and Smola, Alex and Tibshirani, Ryan J.},
	journal = {Journal of Machine Learning Research},
	number = 105,
	pages = {1--41},
	title = {Trend Filtering on Graphs},
	volume = 17,
	year = {2016}}


@inproceedings{hutter2016optimal,
	author = {H{\"u}tter, Jan-Christian and Rigollet, Philippe},
	booktitle = {29th Annual Conference on Learning Theory},
	editor = {Feldman, Vitaly and Rakhlin, Alexander and Shamir, Ohad},
	month = {23--26 Jun},
	pages = {1115--1146},
	series = {Proceedings of Machine Learning Research},
	title = {Optimal rates for total variation denoising},
	volume = {49},
	year = {2016}}


@article{kovac2011nonparametric,
	author = {Kovac, Arne and Smith, Andrew},
	journal = {Journal of Computational and Graphical Statistics},
	number = 2,
	pages = {432--447},
	title = {Nonparametric Regression on a Graph},
	volume = 20,
	year = 2011}

@article{harchaoui2010multiple,
	author = {Harchaoui, Zaid and Levy-Leduc, Celine},
	journal = {Journal of the American Statistical Association},
	number = {492},
	pages = {1480--1493},
	title = {Multiple change-point estimation with a total variation penalty},
	volume = {105},
	year = {2010}}

@article{rojas2014change,
	author = {Rojas, Cristian R and Wahlberg, Bo},
	journal = {arXiv preprint arXiv:1401.5408},
	title = {On change point detection using the fused lasso method},
	year = {2014}}

@article{qian2012pattern,
	author = {Qian, Junyang and Jia, Jinzhu},
	journal = {arXiv preprint arXiv:1211.5194},
	title = {On pattern recovery of the fused lasso},
	year = {2012}}

@article{barbero2014modular,
	author = {Barbero, \`{A}lvaro and Sra, Suvrit},
	issn = {1532-4435},
	issue_date = {January 2018},
	journal = {Journal of  Machine Learning Research},
	month = {jan},
	number = {1},
	numpages = {82},
	pages = {2232--2313},
	title = {Modular Proximal Optimization for Multidimensional Total-variation Regularization},
	volume = {19},
	year = {2018}}
  



@article{condat2012direct,
	author={Condat, Laurent},
  journal={IEEE Signal Processing Letters}, 
  title={A Direct Algorithm for {1-D} Total Variation Denoising}, 
  year={2013},
  volume={20},
  number={11},
  pages={1054-1057}}

@article{davies2001local,
	author = {Davies, P. Laurie and Kovac, Arne},
	journal = {Annals of Statistics},
	number = 1,
	pages = {1--65},
	title = {Local extremes, runs, strings and multiresolution},
	volume = 29,
	year = 2001}

@article{zhu2003semisupervised,
	author = {Zhu, Xiaojin and Ghahramani, Zoubin and Lafferty, John},
	journal = {International Conference on Machine Learning},
	title = {Semi-supervised learning using {Gaussian} fields and harmonic functions},
	volume = {20},
	year = {2003}}

@article{zhou2005learning,
	author = {Zhou, Dengyong and Huang, Jiayuan and Scholkopf, Bernhard},
	journal = {International Conference on Machine Learning},
	title = {Learning from Labeled and Unlabeled Data on a Directed Graph},
	volume = {22},
	year = {2005}}

@article{sadhanala2016graph,
	author = {Sadhanala, Veeranjaneyulu and Wang, Yu-Xiang and Tibshirani, Ryan J.},
	journal = {International Conference on Artificial Intelligence and Statistics},
	title = {Graph Sparsification Approaches for Laplacian Smoothing},
	volume = {19},
	year = {2016}}



@inproceedings{sadhanala2016total,
	author = {Sadhanala, Veeranjaneyulu and Wang, Yu-Xiang and Tibshirani, Ryan J.},
editor = {Lee, D. and Sugiyama, M. and Luxburg, U. and Guyon, I. and Garnett, R.},
booktitle = {Advances in Neural Information Processing Systems},
publisher = {Curran Associates, Inc.},
title = {Total Variation Classes Beyond 1d: {Minimax} Rates, and the Limitations of Linear Smoothers},
	volume = {29},
	year = {2016}}

@article{sadhanala2017higher,
	author = {Sadhanala, Veeranjaneyulu and Wang, Yu-Xiang and Sharpnack, James and Tibshirani, Ryan J.},
	journal = {Advances in Neural Information Processing Systems},
	title = {Higher-Total Variation Classes on Grids: Minimax Theory and Trend Filtering Methods},
	volume = {30},
	year = {2017}}

@unpublished{chatterjee2016denoising,
	author = {Chatterjee, Sabyasachi and Lafferty, John},
	note = {arXiv: 1602.08048},
	title = {Denoising Flows on Trees},
	year = {2016}}

@article{kolmogorov2016total,
	author = {Kolmogorov, Vladimir and Pock, Thomas and Rolinek, Michal},
	journal = {SIAM Journal of Imaging Sciences},
	number = 2,
	pages = {605--636},
	title = {Total variation on a tree},
	volume = 9,
	year = {2016}}

@unpublished{chen2015degrees,
	author = {Chen, Xi and Lin, Qihang and Sen, Bodhisattva},
	note = {arXiv: 1509.01877},
	title = {On Degrees of Freedom of Projection Estimators with Applications to Multivariate Shape Restricted Regression},
	year = 2015}

@unpublished{dijkstra2013ridge,
	author = {Dijkstra, Theo},
	title = {Ridge regression and its degrees of freedom},
	year = 2013}

@article{varma2006bias,
	author = {Varma, Sudhir and Simon, Richard},
	journal = {BMC Bioinformatics},
	number = 91,
	title = {Bias in error estimation when using cross-validation for model selection},
	volume = 7,
	year = 2006}

@article{tibshirani2009bias,
	author = {Tibshirani, Ryan J. and Tibshirani, Robert},
	journal = {Annals of Applied Statistics},
	number = 2,
	pages = {822--829},
	title = {A bias correction for the minimum error rate in cross-validation},
	volume = 3,
	year = 2009}

@article{bernau2013correcting,
	author = {Bernau, Christoph and Augustin, Thomas and Boulesteix, Anne-Laure},
	journal = {Biometrics},
	number = 3,
	pages = {693--702},
	title = {Correcting the optimal resampling-based error rate by estimating the error rate of wrapper algorithms},
	volume = 69,
	year = 2013}

@article{krstajic2014cross,
	author = {Krstajic, Damjan and Buturovic, Ljubomir and Leahy, David and Thomas, Simon},
	journal = {Journal of Cheminformatics},
	number = 10,
	title = {Cross-validation pitfalls when selecting and assessing regression and classification models},
	volume = 6,
	year = 2014}

@article{tsamardinos2015performance,
	author = {Tsamardinos, Ioannis and Rakhshani, Amin and Lagani, Vincenzo},
	journal = {International Journal on Artificial Intelligence Tools},
	number = 5,
	title = {Performance-Estimation Properties of Cross-Validation-Based Protocols with Simultaneous Hyper-Parameter Optimization},
	volume = 24,
	year = 2015}

@unpublished{johnstone1986inadmissibility,
	author = {Johnstone, Iain},
	note = {Technical Report, Stanford University},
	title = {On inadmissibility of some unbiased estimates of loss},
	year = 1986}

@article{li1985stein,
	author = {Li, Ker-Chau},
	journal = {Annals of Statistics},
	number = 4,
	pages = {1352--1377},
	title = {From {Stein's} unbiased risk estimates to the method of generalized cross-validation},
	volume = 14,
	year = 1985}

@article{li1986asymptotic,
	author = {Li, Ker-Chau},
	journal = {Annals of Statistics},
	number = 3,
	pages = {1101--1112},
	title = {Asymptotic optimality of {$C_L$} and generalized cross-validation in ridge regression with application to spline smoothing},
	volume = 14,
	year = 1986}

@article{li1987asymptotic,
	author = {Li, Ker-Chau},
	journal = {Annals of Statistics},
	number = 3,
	pages = {958--975},
	title = {Asymptotic optimality for {$C_p$, $C_L$}, cross-validation and generalized cross-validation: discrete index set},
	volume = 15,
	year = 1987}

@article{cavalier2002oracle,
	author = {Cavalier, Laurent and Golubev, Yuri and Picard, Dominique and Tsybakov, Alexandre},
	journal = {Annals of Statistics},
	number = 3,
	pages = {843--874},
	title = {Oracle Inequalities for Inverse Problems},
	volume = 30,
	year = 2002}

@article{kneip1994ordered,
	author = {Kneip, Alois},
	journal = {Annals of Statistics},
	number = 5,
	pages = {835--866},
	title = {Ordered Linear Smoothers},
	volume = 22,
	year = 1994}

@book{vandegeer2000empirical,
	author = {van de Geer, Sara},
	publisher = {Cambdrige University Press},
	title = {Empirical Processes in M-Estimation},
	year = 2000}

@article{hsu2012tail,
	author = {Hsu, Daniel and Kakde, Sham and Zhang, Tong},
	journal = {Electronic Communications in Probability},
	number = 52,
	pages = {1--6},
	title = {A tail inequality for quadratic forms of subgaussian random vectors},
	volume = 17,
	year = 2012}

@article{donoho1994ideal,
	author = {Donoho, David L. and Johnstone, Iain M.},
	journal = {Biometrika},
	number = 3,
	pages = {425--455},
	title = {Ideal spatial adaptation by wavelet shrinkage},
	volume = 81,
	year = 1994}

@article{xie2012sure,
	author = {Xie, Xianchao and Kou, Samuel and Brown, Lawrence},
	journal = {Journal of the American Statistical Association},
	number = 500,
	pages = {1465--1479},
	title = {{SURE} Estimates for a Heteroscedastic Hierarchical Model},
	volume = 107,
	year = 2012}

@unpublished{mikkelsen2016degrees,
	author = {Mikkelsen, Frederik Riis and Hansen, Niels Richard},
	note = {arXiv: 1601.03524},
	title = {Degrees of Freedom for Piecewise {Lipschitz} Estimators},
	year = 2016}

@article{ulfarsson2013tuning2,
	author = {Ulfarsson, Magnus O. and Solo, Victor},
	journal = {IEEE Signal Processing Letters},
	number = 9,
	pages = {881--884},
	title = {Tuning Parameter Selection for Underdetermined Reduced-Rank Regression},
	volume = 20,
	year = 2013}

@article{ulfarsson2013tuning1,
	author = {Ulfarsson, Magnus O. and Solo, Victor},
	journal = {IEEE International Conference on Acoustics, Speech and Signal Processing},
	title = {Tuning parameter selection for nonnegative matrix factorization},
	year = 2013}

@article{candes2013unbiased,
	author = {Candes, Emmanuel J. and Sing-Long, Carlos M. and Trzasko, Joshua D.},
	journal = {IEEE Transactions on Signal Processing},
	number = 19,
	pages = {4643--4657},
	title = {Unbiased Risk Estimates for Singular Value Thresholding and Spectral Estimators},
	volume = 61,
	year = 2013}

@article{zou2008regularized,
	author = {Zou, Hui and Yuan, Ming},
	journal = {Computational Statistics and Data Analysis},
	number = 12,
	pages = {5296--5304},
	title = {Regularized simultaneous model selection in multiple quantiles regression},
	volume = 52,
	year = 2008}

@article{vaiter2013degrees,
	author = {Vaiter, Samuel and Peyre, Gabriel and Fadili, Jalal and Deledalle, Charles-Alban and Dossal, Charles},
	journal = {Signal Processing with Adaptive Sparse Structured Representations},
	title = {The degrees of freedom of the group Lasso for a general design},
	year = 2013}

@article{vaiter2015degrees,
	author = {Vaiter, Samuel and Deledalle, Charles-Alban and Fadili, Jalal and Peyre, Gabriel and Dossal, Charles},
	note = {hal-00981634},
	title = {The Degrees of Freedom of Partly Smooth Regularizers},
	year = 2015}

@book{scholkopf2002learning,
	author = {Scholkopf, Bernhard and Smola, Alexander},
	publisher = {The MIT Press},
	title = {Learning with Kernels},
	year = 2002}

@article{hsu2014analysis,
	author = {Hsu, Daniel and Kakade, Sham and Zhang, Tong},
	journal = {Foundations of Computational Mathematics},
	number = {3},
	pages = {569--600},
	title = {Random Design Analysis of Ridge Regression},
	volume = {14},
	year = {2014}}

@unpublished{hsu2011analysis,
	author = {Hsu, Daniel and Kakade, Sham and Zhang, Tong},
	note = {arXiv: 1106.2363v1},
	title = {An Analysis of Random Design Linear Regression},
	year = 2011}

@article{einmahl1996some,
	author = {Einmahl, Uwe and Mason, David},
	journal = {Annals of Probability},
	number = 3,
	pages = {1388--1407},
	title = {Some universal results on the behavior of increments of partial sums},
	volume = 42,
	year = 1996}

@article{vandegeer1990estimating,
	author = {van de Geer, Sara},
	journal = {Annals of Statistics},
	number = 2,
	pages = {907--924},
	title = {Estimating a regression function},
	volume = 18,
	year = 1990}

@incollection{koltchinskii2000rademacher,
	author = {Koltchinskii, Vladimir and Panchenko, Dmitriy},
	booktitle = {High Dimensional Probability II},
	editor = {Gine, Evarist and Mason, David and Wellner, Jon},
	pages = {443--457},
	publisher = {Birkhauser},
	title = {Rademacher Processes and Bounding the Risk of Function Learning},
	volume = 47,
	year = 2000}

@article{dudley1967sizes,
	author = {Dudley, Richard M.},
	journal = {Journal of Functional Analysis},
	number = 3,
	pages = {290--330},
	title = {The sizes of compact subsets of {Hilbert} space and continuity of {Gaussian} processes},
	volume = 1,
	year = 1967}

@article{bartlett2005local,
	author = {Bartlett, Peter and Bousquet, Olivier and Mendelson, Shahar},
	journal = {Annals of Statistics},
	number = 4,
	pages = {1497--1537},
	title = {Local {Rademacher} complexities},
	volume = 33,
	year = 2005}

@article{koltchinskii2010sparsity,
	author = {Koltchinskii, Vladimir and Yuan, Ming},
	journal = {Annals of Statistics},
	number = 6,
	pages = {3660--3695},
	title = {Sparsity in multiple kernel learning},
	volume = 38,
	year = 2010}

@article{raskutti2012minimax,
	author = {Raskutti, Garvesh and Wainwright, Martin J. and Yu, Bin},
	journal = {Journal of Machine Learning Research},
	pages = {389--427},
	title = {Minimax-optimal rates for sparse additive models over kernel classes via convex programming},
	volume = 13,
	year = 2012}

@article{tibshirani2015degrees,
	author = {Tibshirani, Ryan J.},
	journal = {Statistica Sinica},
	number = 3,
	pages = {1265--1296},
	title = {Degrees of freedom and model search},
	volume = 25,
	year = 2015}

@article{ramdas2016fast,
	author = {Ramdas, Aaditya and Tibshirani, Ryan J.},
	journal = {Journal of Computational and Graphical Statistics},
	number = {3},
	pages = {839--858},
	title = {Fast and Flexible {ADMM} Algorithms for Trend Filtering},
	volume = {25},
	year = {2016}}

@article{sardy2004amlet,
	author = {Sardy, Sylvain and Tseng, Paul},
	journal = {Journal of Computational and Graphical Statistics},
	number = 2,
	pages = {283--309},
	title = {{AM}let, {RAM}let and {GAM}let: Automatic Nonlinear Fitting of Additive Model, Robust and Generalized with Wavelets},
	volume = 13,
	year = 2004}

@article{petersen2016fused,
	author = {Petersen, Ashley and Witten, Daniela and Simon, Noah},
	journal = {Journal of Computational and Graphical Statistics},
	number = 4,
	pages = {1005--1025},
	title = {Fused lasso additive model},
	volume = 25,
	year = 2016}

@article{lou2016sparse,
	author = {Lou, Yin and Bien, Jacob and Caruana, Rich and Gehrke, Johannes},
	journal = {Journal of Computational and Graphical Statistics},
	number = 4,
	pages = {1126--1140},
	title = {Sparse partially linear additive models},
	volume = 25,
	year = 2016}

@article{lin2006component,
	author = {Lin, Yi and Zhang, Hao Helen},
	journal = {Annals of Statistics},
	number = 5,
	pages = {2272--2297},
	title = {Component selection and smoothing in multivariate nonparametric regression},
	volume = 34,
	year = 2006}

@article{ravikumar2009sparse,
	author = {Ravikumar, Pradeep and Lafferty, John and Liu, Han and Wasserman, Larry},
	journal = {Journal of the Royal Statistical Society: Series B},
	number = 5,
	pages = {1009---1030},
	title = {Sparse additive models},
	volume = 71,
	year = 2009}

@article{meier2009high,
	author = {Meier, Lukas and van de Geer, Sara and Buhlmann, Peter},
	journal = {Annals of Statistics},
	number = 6,
	pages = {3779--3821},
	title = {High-dimensional additive modeling},
	volume = 37,
	year = 2009}

@article{friedman1981,
	author = {Friedman, Jerome and Stuetzle, Werner},
	journal = {Journal of the American Statistical Association},
	number = 376,
	pages = {817--823},
	title = {Projection pursuit regression},
	volume = 76,
	year = 1981}

@unpublished{tibshirani1983,
	author = {Tibshirani, Robert},
	note = {Technical Report, Stanford University},
	title = {Non-parametric estimation of relative risk},
	year = 1983}

@unpublished{hastie1983,
	author = {Hastie, Trevor},
	note = {Technical Report, Stanford University},
	title = {Non-parametric logistic regression},
	year = 1983}

@article{vanderburg1983,
	author = {van der Burg, Eeke and de Leeuw, Jan},
	journal = {British Journal of Mathematical and Statistical Psychological},
	number = 1,
	pages = {54--80},
	title = {Non-linear canonical correlation},
	volume = 36,
	year = 1983}

@article{breiman1985,
	author = {Breiman, Leo and Friedman, Jerome},
	journal = {Journal of the American Statistical Association},
	number = {391},
	pages = {614--619},
	title = {Estimating Optimal Transformations for Multiple Regression and Correlation},
	volume = {80},
	year = {1985}}

@unpublished{buja1986,
	author = {Buja, Andreas and Donnell, Deborah and Stuetzle, Werner},
	note = {Technical Report, University of Washington},
	title = {Additive principal components},
	year = 1986}

@book{babenko1979theoretical,
	author = {Babenko, K.},
	note = {In Russian},
	title = {Theoretical Foundations and Construction of Numerical Algorithms for the Problems of Mathematical Physics},
	year = 1979}

@article{birman1961piecewise,
	author = {Birman, M. and Solomyak, M.},
	journal = {Mathematics of the USSR-Sbornik},
	note = {In Russian},
	number = 115,
	pages = {331--335},
	title = {Piecewise-polynomial approximations of functions of the classes {$W_p^\alpha$}},
	volume = 73,
	year = 1967}

@article{mammen1991nonparametric,
	author = {Mammen, Enno},
	journal = {Annals of Statistics},
	number = 2,
	pages = {741--759},
	title = {Nonparametric regression under qualitative smoothness assumptions},
	volume = 19,
	year = 1991}

@article{chambolle2009total,
	author = {Chambolle, Antonin and Darbon, Jerome},
	journal = {International Journal of Computer Vision},
	pages = {288--307},
	title = {On total variation minimization and surface evolution using parametric maximum flows},
	volume = 84,
	year = 2009}

@article{chambolle2011first,
	author = {Chambolle, Antonin and Pock, Thomas},
	journal = {Journal of Mathematical Imaging and Vision},
	pages = {120--145},
	title = {A First-Order Primal-Dual Algorithm for Convex Problems with Applications to Imaging},
	volume = 40,
	year = 2011}

@article{simon2013sparse,
	author = {Simon, Noah and Friedman, Jerome and Hastie, Trevor and Tibshirani, Robert},
	journal = {Journal of Computational and Graphical Statistics},
	number = 2,
	title = {A sparse group lasso},
	volume = 22,
	year = 2013}

@article{steidl2006splines,
	author = {Steidl, Gabriel and Didas, Stephan and Neumann, Julia},
	journal = {International Journal of Computer Vision},
	number = 3,
	pages = {214--255},
	title = {Splines in higher order {TV} regularization},
	volume = 70,
	year = 2006}

@article{wang2014falling,
	author = {Wang, Yu-Xiang and Smola, Alexander and Tibshirani, Ryan J.},
	journal = {International Conference on Machine Learning},
	title = {The falling factorial basis and its statistical applications},
	volume = 31,
	year = 2014}

@article{tibshirani2014adaptive,
	author = {Tibshirani, Ryan J.},
	journal = {Annals of Statistics},
	number = 1,
	pages = {285--323},
	title = {Adaptive piecewise polynomial estimation via trend filtering},
	volume = 42,
	year = 2014}

@article{eilers1996flexible,
	author = {Eilers, Paul and Marx, Brian},
	journal = {Statistical Science},
	number = 2,
	pages = {89--121},
	title = {Flexible smoothing with {B}-splines and penalties},
	volume = 11,
	year = 1996}

@article{hoerl1970ridge,
	author = {Hoerl, Arthur and Kennard, Robert},
	journal = {Technometrics},
	number = 1,
	pages = {55--67},
	title = {Ridge regression: biased estimation for nonorthogonal problems},
	volume = 12,
	year = 1970}

@article{tikhonov1943stability,
	author = {Tikhonov, Andrey},
	journal = {Doklady Akademii Nauk SSSR},
	number = 5,
	pages = {195--198},
	title = {On the stability of inverse problems},
	volume = 39,
	year = 1943}

@article{giesen2012approximating1,
	author = {Giesen, Joachim and Jaggi, Martin and Laue, Soren},
	journal = {ACM Transactions on Algorithms},
	number = 1,
	pages = {1--17},
	title = {Approximating parametrized convex optimization problems},
	volume = 9,
	year = 2012}

@phdthesis{jaggi2011sparse,
	author = {Jaggi, Martin},
	school = {Departement Informatik, ETH Zurich},
	title = {Sparse Convex Optimization Methods for Machine Learning},
	year = 2011}

@article{giesen2012regularization,
	author = {Giesen, Joachim and Jaggi, Martin and Laue, Soren},
	journal = {International Conference on Artificial Intelligence and Statistics},
	title = {Regularization paths with guarantees for convex semidefinite optimization problems},
	volume = 15,
	year = 2012}

@article{giesen2012approximating2,
	author = {Giesen, Joachim and Laue, Soren and Muller, Jens and Swiercy, Sascha},
	journal = {Advances in Neural Information Processing Systems},
	title = {Approximating concavely parametrized optimization problems},
	volume = 25,
	year = 2012}

@unpublished{parflow,
	author = {Ramsay, James},
	title = {Parameter flows},
	year = 2005}

@unpublished{graddir,
	author = {Friedman, Jerome and Popescu, Bogdan},
	date-modified = {2021-10-22 16:09:37 -0700},
	title = {Gradient directed regularization},
	year = 2004,
	bdsk-url-1 = {http://www-stat.stanford.edu/~jhf/ftp/pathlite.pdf}}

@unpublished{gps,
	author = {Friedman, Jerome},
	date-modified = {2021-10-22 16:09:37 -0700},
	title = {Fast sparse regression and classification},
	year = 2008,
	bdsk-url-1 = {http://www-stat.stanford.edu/~jhf/ftp/GPSpub.pdf}}

@article{statboost,
	author = {Friedman, Jerome and Hastie, Trevor and Tibshirani, Robert},
	journal = {Annals of Statistics},
	number = 2,
	pages = {337--407},
	title = {Additive logistic regression: a statistical view of boosting},
	volume = 28,
	year = 2000}

@article{weaklearn1,
	author = {Schapire, Robert},
	journal = {Machine Learning},
	number = 2,
	pages = {197--227},
	title = {The strength of weak learnability},
	volume = 5,
	year = 1990}

@article{weaklearn2,
	author = {Freund, Yoav},
	journal = {Information and Computation},
	number = 2,
	pages = {256--285},
	title = {Boosting a weak learning algorithm by majority},
	volume = 121,
	year = 1995}

@article{freund1996experiments,
	author = {Freund, Yoav and Schapire, Robert},
	journal = {Machine Learning: Proceedings of the Thirteenth International Conference},
	pages = {148--156},
	title = {Experiments with a new boosting algorithm},
	year = 1996}

@article{gradboost,
	author = {Friedman, Jerome},
	journal = {Annals of Statistics},
	number = 5,
	pages = {1190--1232},
	title = {Greedy function approximation: a gradient boosting machine},
	volume = 29,
	year = 2001}

@article{teo1,
	author = {Teo, Choon Hui and Le, Quoc and Smola, Alexander and Vishwanathan, S. V. N.},
	journal = {International Conference on Knowledge Discovery and Data Mining},
	title = {A scalable modular convex solver for regularized risk minimization},
	volume = 13,
	year = 2007}

@article{teo2,
	author = {Teo, Choon Hui and Vishwanathan, S. V. N. and Smola, Alexander and Le, Quoc},
	journal = {Journal of Machine Learning Research},
	pages = {311--365},
	title = {Bundle methods for regularized risk minimization},
	volume = 11,
	year = 2010}

@book{cvxanalandmin,
	author = {Hiriart-Urruty, Jean-Baptiste and Lemarechal, Claude},
	note = {Two volumes},
	publisher = {Springer},
	title = {Convex Analysis and Minimization Algorithms},
	year = 1993}

@article{cuttingplane,
	author = {Kelley, J. E.},
	journal = {Journal of the Society for Industrial and Applied Mathematics},
	number = 4,
	pages = {703--712},
	title = {The cutting-plane method for solving convex programs},
	volume = 8,
	year = 1960}

@article{jaggi,
	author = {Jaggi, Martin},
	journal = {International Conference on Machine Learning},
	title = {Revisiting Frank-Wolfe: Projection-Free Sparse Convex Optimization},
	volume = 30,
	year = 2013}

@article{frankwolfe,
	author = {Frank, Marguerite and Wolfe, Philip},
	journal = {Naval Research Logistics Quarterly},
	number = {1--2},
	pages = {95--110},
	title = {An algorithm for quadratic programming},
	volume = 32,
	year = 1956}

@article{stagewiselasso,
	author = {Zhao, Peng and Yu, Bin},
	journal = {Journal of Machine Learning Research},
	pages = {2701--2726},
	title = {Stagewise lasso},
	volume = 8,
	year = 2007}

@phdthesis{knudsenthesis,
	author = {Knudsen, Eliot},
	school = {Department of Statistics, Carnegie Mellon University},
	title = {Stagewise regression: competing with the state of the art via an efficient, simple, iterative algorithm},
	type = {Undergraduate Honors Thesis},
	year = 2013}

@article{monotonelasso,
	author = {Hastie, Trevor and Taylor, Jonathan and Tibshirani, Robert and Walther, Guenther},
	journal = {Electronic Journal of Statistics},
	pages = {1--29},
	title = {Forward stagewise regression and the monotone lasso},
	volume = 1,
	year = 2007}

@article{efroymson1966stepwise,
	author = {Efroymson, M.},
	journal = {Eastern Regional Meetings of the Institute of Mathematical Statistics},
	title = {Stepwise regression---a backward and forward look},
	year = 1966}

@book{draper1966applied,
	author = {Draper, Norman and Smith, Henry},
	publisher = {Wiley},
	title = {Applied Regression Analysis},
	year = 1966}

@article{mallat1993matching,
	author = {Mallat, Stephane and Zhang, Zhifeng},
	journal = {IEEE Transactions on Signal Processing},
	number = {12},
	pages = {3397--3415},
	title = {Matching pursuits with time-frequency dictionaries},
	volume = {41},
	year = {1993}}

@article{davis1994adaptive,
	author = {Davis, Geoffrey and Mallat, Stephane and Zhang, Zhifeng},
	journal = {Wavelet Applications},
	pages = {402--413},
	title = {Adaptive time-frequency decompositions with matching pursuit},
	volume = {402},
	year = {1994}}

@article{imtrace,
	author = {Harchaoui, Zaid and Douze, Matthijs and Paulin, Mattis and Dudik, Miroslav and Malick, Jerome},
	journal = {IEEE Conference on Computer Vision and Pattern Recognition},
	pages = {3386--3393},
	title = {Large-scale image classification with trace-norm regularization},
	year = 2012}

@article{nptrace,
	author = {Chen, Jianhui and Ye, Jieping},
	journal = {Computational Statistics},
	number = {3--4},
	pages = {623--629},
	title = {Sparse trace norm regularization},
	volume = 29,
	year = 2014}

@phdthesis{bakin1999adaptive,
	author = {Bakin, Sergey},
	school = {School of Mathematical Sciences, Australian National University},
	title = {Adaptive regression and model selection in data mining problems},
	year = {1999}}

@article{argyriou2006multi,
	author = {Argyriou, Andreas and Evgeniou, Theodoros and Pontil, Massimiliano},
	journal = {Advances in Neural Information Processing Systems},
	title = {Multi-task feature learning},
	volume = 19,
	year = 2006}

@article{obozinski2010joint,
	author = {Obozinski, Guillame and Taskar, Ben and Jordan, Michael I.},
	journal = {Statistics and Computing},
	number = 2,
	pages = {231--252},
	title = {Joint covariate selection and joint subspace selection for multiple classification problems},
	volume = 20,
	year = 2010}

@unpublished{cvxclustersplit,
	author = {Chi, Eric and Lange, Kenneth},
	note = {arXiv: 1304.0499},
	title = {Splitting methods for convex clustering},
	year = 2013}

@article{wavespline,
	author = {Unser, Michael},
	journal = {Wavelet Applications in Signal and Image Processing V},
	pages = {422--431},
	title = {Ten Good Reasons For Using Spline Wavelets},
	year = 1997}

@book{fjwbesov,
	author = {Frazier, Michael and Jawerth, Bjorn and Weiss, Guido},
	publisher = {American Mathematical Society},
	title = {Littlewood-Paley Theory and the Study of Function Spaces},
	year = 1991}

@book{constapprox,
	author = {DeVore, Ronald and Lorentz, George},
	publisher = {Springer},
	title = {Constructive Approximation},
	year = 1993}

@article{boostreview,
	author = {Buhlmann, Peter and Yu, Bin},
	journal = {Wiley Interdisciplinary Reviews: Computational Statistics},
	number = 1,
	pages = {69--74},
	title = {Boosting},
	volume = 2,
	year = 2010}

@article{softimpute,
	author = {Mazumder, Rahul and Hastie, Trevor and Tibshirani, Robert},
	journal = {Journal of Machine Learning Research},
	pages = {2287--2322},
	title = {Spectral regularization algorithms for learning large incomplete matrices},
	volume = 11,
	year = 2010}

@article{candes2010power,
	author = {Candes, Emmanuel J. and Tao, Terence},
	journal = {IEEE Transactions on Information Theory},
	number = 5,
	pages = {2053--2080},
	title = {The power of convex relaxation: near-optimal matrix completion},
	volume = 56,
	year = 2010}

@article{candes2009exact,
	author = {Candes, Emmanuel J. and Recht, Benjamin},
	journal = {Foundations of Computational Mathematics},
	number = 6,
	pages = {717--772},
	title = {Exact matrix completion via convex optimization},
	volume = 9,
	year = 2009}

@phdthesis{fazel,
	author = {Fazel, Maryam},
	school = {Department of Electrical Engineering, Stanford University},
	title = {Matrix Rank Minimization with Applications},
	year = {2002}}

@article{stein0,
	author = {Stein, Charles},
	journal = {Proceedings of the Sixth Berkeley Symposium on Mathematical Statistics and Probability, Vol. II: Probability theory},
	pages = {583--602},
	title = {A bound for the error in the normal approximation to the distribution of a sum of dependent random variables},
	year = 1972}

@book{wavetour,
	author = {Mallat, Stephane},
	note = {Third edition},
	publisher = {Academic Press},
	title = {A wavelet tour of signal processing},
	year = 2008}

@book{wavelectures,
	author = {Daubechies, Ingrid},
	publisher = {Society for Industrial and Applied Mathematics},
	title = {Ten lectures in wavelets},
	year = 1992}

@article{green1985semi,
	author = {Green, Peter and Yandell, Brian},
	journal = {International Conference on Generalized Linear Models},
	pages = {44--55},
	title = {Semi-parametric generalized linear models},
	volume = 32,
	year = 1985}

@article{silverman1984spline,
	author = {Silverman, Bernard W.},
	journal = {Annals of Statistics},
	number = {3},
	pages = {898--916},
	title = {Spline smoothing: the equivalent variable kernel method},
	volume = {12},
	year = {1984}}

@article{silverman1985aspects,
	author = {Silverman, Bernard W.},
	journal = {Journal of the Royal Statistical Society: Series B},
	number = 1,
	pages = {1--52},
	title = {Some aspects of the smoothing spline approach to nonparametric regression curve fitting},
	volume = 47,
	year = 1985}

@book{green1994nonparametric,
	author = {Green, Peter and Silverman, Bernard},
	publisher = {Chapman \& Hall/CRC Press},
	title = {Nonparametric Regression and Generalized Linear Models: A Roughness Penalty Approach},
	year = 1994}

@book{wahba1990spline,
	author = {Wahba, Grace},
	publisher = {Society for Industrial and Applied Mathematics},
	title = {Spline Models for Observational Data},
	year = 1990}

@article{craven1978smoothing,
	author = {Craven, Peter and Wahba, Grace},
	journal = {Numerische Mathematik},
	number = {4},
	pages = {377--403},
	title = {Smoothing noisy data with spline functions},
	volume = {31},
	year = {1978}}

@article{golub1979generalized,
	author = {Golub, Gene H and Heath, Michael and Wahba, Grace},
	journal = {Technometrics},
	number = {2},
	pages = {215--223},
	title = {Generalized cross-validation as a method for choosing a good ridge parameter},
	volume = {21},
	year = {1979}}

@article{arnold2015efficient,
	author = {Tibshirani, Ryan J. and Arnold, Taylor},
	note = {In preparation},
	title = {Efficient implementations of the generalized lasso dual path algorithm},
	year = 2015}

@article{wasserman2009high,
	author = {Wasserman, Larry and Roeder, Kathryn},
	journal = {Annals of Statistics},
	number = 5,
	pages = {2178--2201},
	title = {High-dimensional variable selection},
	volume = 37,
	year = 2009}

@article{meinshausen2009pvalues,
	author = {Meinshausen, Nicolai and Meier, Lukas and Buhlmann, Peter},
	journal = {Journal of the American Statistical Association},
	number = 488,
	pages = {1671--1681},
	title = {P-values for high-dimensional regression},
	volume = 104,
	year = {2009}}

@article{meinhausen2010stability,
	author = {Meinshausen, Nicolai and Buhlmann, Peter},
	journal = {Journal of the Royal Statistical Society: Series B},
	number = 4,
	pages = {417--473},
	title = {Stability selection},
	volume = 72,
	year = 2010}

@article{belloni2015uniform,
	author = {Belloni, Alexandre and Chernozhukov, Victor and Kato, Kengo},
	journal = {Biometrika},
	number = {1},
	pages = {77--94},
	title = {Uniform post-selection inference for least absolute deviation regression and other {Z-estimation} problems},
	volume = {102},
	year = {2015}}

@article{montanari2014hypothesis,
	author = {Javanmard, Adel and Montanari, Andrea},
	journal = {IEEE Transactions on Information Theory},
	number = {10},
	pages = {6522--6554},
	title = {Hypothesis Testing in High-Dimensional Regression Under the Gaussian Random Design Model: Asymptotic Theory},
	volume = {60},
	year = {2014}}

@article{montanari2014confidence,
	author = {Javanmard, Adel and Montanari, Andrea},
	journal = {Journal of Machine Learning Research},
	pages = {2869--2909},
	title = {Confidence intervals and hypothesis testing for high-dimensional regression},
	volume = 15,
	year = 2014}

@article{buhlmann2013statistical,
	author = {Buhlmann, Peter},
	journal = {Bernoulli},
	number = 4,
	pages = {1212--1242},
	title = {Statistical significance in high-dimensional linear models},
	volume = 19,
	year = 2013}

@article{vandegeer2014asymptotically,
	author = {van de Geer, Sara and Buhlmann, Peter and Ritov, Ya'acov and Dezeure, Ruben},
	journal = {Annals of Statistics},
	number = 3,
	pages = {1166--1201},
	title = {On asymptotically optimal confidence regions and tests for high-dimensional models},
	volume = 42,
	year = 2014}

@article{zhang2014confidence,
	author = {Zhang, Cun-Hui and Zhang, Stephanie},
	journal = {Journal of the Royal Statistical Society: Series B},
	number = 1,
	pages = {217--242},
	title = {Confidence intervals for low dimensional parameters in high dimensional linear models},
	volume = 76,
	year = 2014}

@article{minnier2011perturbation,
	author = {Minnier, Jessica and Tian, Lu and Cai, Tianxi},
	journal = {Journal of the American Statistical Association},
	number = 496,
	pages = {1371--1382},
	title = {A perturbation method for inference on regularized regression estimates},
	volume = 106,
	year = 2011}

@book{evt,
	author = {de Haan, Laurens and Ferreira, Ana},
	publisher = {Springer},
	title = {Extreme Value Theory: An Introduction},
	year = 2006}

@article{varestbycv,
	author = {Fan, Jianqing and Guo, Shaojun and Hao, Ning},
	journal = {Journal of Royal Statistical Society: Series B},
	number = 1,
	pages = {37--65},
	title = {Variance estimation using refitted cross-validation in ultrahigh dimensional regression},
	volume = 74,
	year = 2012}

@article{nussbaum,
	author = {Nussbaum, Michael},
	journal = {Annals of Statistics},
	number = 3,
	pages = {984--997},
	title = {Spline smoothing in regression models and asymptotic efficiency in $L_2$},
	volume = 13,
	year = 1985}

@article{taylor2005valid,
	author = {Taylor, Jonathan and Takemura, Akimichi and Adler, Robert},
	journal = {Annals of Probability},
	number = 4,
	pages = {1362--1296},
	title = {Validity of the expected {Euler} characteristic heuristic},
	volume = 33,
	year = 2005}

@article{elghaoui2012safe,
	author = {{El Ghaoui}, Laurent and Viallon, Vivian and Rabbani, Tarek},
	journal = {Pacific Journal of Optimization},
	number = 4,
	pages = {667--698},
	title = {Safe Feature Elimination in Sparse Supervised Learning},
	volume = 8,
	year = 2012}

@article{tibshirani2012strong,
	author = {Tibshirani, Robert and Bien, Jacob and Friedman, Jerome and Hastie, Trevor and Simon, Noah and Taylor, Jonathan and Tibshirani, Ryan J.},
	journal = {Journal of the Royal Statistical Society: Series B},
	number = {2},
	pages = {245--266},
	title = {Strong rules for discarding predictors in lasso-type problems},
	volume = {74},
	year = {2012}}

@article{wang2015dual,
	author = {Wang, Jie and Wonka, Peter and Ye, Jieping},
	journal = {Journal of Machine Learning Research},
	pages = {1063--1101},
	title = {Lasso Screening Rules via Dual Polytope Projection},
	volume = 16,
	year = 2015}

@article{tibshirani2013lasso,
	author = {Tibshirani, Ryan J.},
	journal = {Electronic Journal of Statistics},
	pages = {1456--1490},
	title = {The lasso problem and uniqueness},
	volume = 7,
	year = 2013}

@article{stirlingerr,
	author = {Nemes, Gerg\H{o}},
	journal = {Journal of Integer Sequences},
	number = 6,
	pages = {5},
	title = {On the coefficients of the asymptotic expansion of $n!$},
	volume = 13,
	year = 2010}

@article{grouplassolog,
	author = {Meier, Lukas and van de Geer, Sara and Buhlmann, Peter},
	journal = {Journal of the Royal Statistical Society: Series B},
	number = 1,
	pages = {53--71},
	title = {The group lasso for logistic regression},
	volume = 70,
	year = 2008}

@article{simultanal,
	author = {Bickel, Peter and Ritov, Ya'acov and Tsybakov, Alexandre},
	journal = {Annals of Statistics},
	number = 4,
	pages = {1705--1732},
	title = {Simultaneous analysis of Lasso and {D}antzig selector},
	volume = 37,
	year = 2009}

@article{koltchinskii2009dantzig,
	author = {Koltchinskii, Vladimir},
	journal = {Bernoulli},
	number = 3,
	pages = {799--828},
	title = {The {D}antzig selector and sparsity oracle inequalities},
	volume = 15,
	year = 2009}

@article{koltchinskii2009sparsity,
	author = {Koltchinskii, Vladimir},
	journal = {Annales de l'Institut Henri Poincare, Probabilites et Statistiques},
	number = 1,
	pages = {7--57},
	title = {Sparsity in penalized empirical risk minimization},
	volume = 45,
	year = 2009}

@article{vandegeer2009conditions,
	author = {van de Geer, Sara and Buhlmann, Peter},
	journal = {Electronic Journal of Statistics},
	pages = {1360--1392},
	title = {On the conditions used to prove oracle results for the Lasso},
	volume = 3,
	year = 2009}

@book{adler2007random,
	address = {New York},
	author = {Adler, Robert J. and Taylor, Jonathan},
	publisher = {Springer},
	title = {Random Fields and Geometry},
	year = 2007}

@article{raskutti2010restricted,
	author = {Raskutti, Garvesh and Wainwright, Martin J. and Yu, Bin},
	journal = {Journal of Machine Learning Research},
	pages = {2241--2259},
	title = {Restricted eigenvalue conditions for correlated {G}aussian designs},
	volume = 11,
	year = 2010}

@article{raskutti2011minimax,
	author = {Raskutti, Garvesh and Wainwright, Martin J. and Yu, Bin},
	journal = {IEEE Transactions on Information Theory},
	number = 10,
	pages = {6976--6994},
	title = {Minimax Rates of Estimation for High-Dimensional Linear Regression Over $\ell_q$-Balls},
	volume = 57,
	year = 2011}

@article{ratenp,
	author = {Nemirovskii, Arkadi S. and Polyak, Boris T. and Tsybakov, Alexandre B.},
	issue = 4,
	journal = {Problems on Information Transmission},
	pages = {258--272},
	title = {Rate of convergence of nonparametric estimates of maximum-likelihood type},
	volume = 21,
	year = 1985}

@article{glscreen1,
	author = {Witten, Daniela and Friedman, Jerome and Simon, Noah},
	journal = {Journal of Computational and Graphical Statistics},
	numbr = 4,
	pages = {892--900},
	title = {New insights and faster computations for the graphical lasso},
	volume = 20,
	year = 2011}

@article{mazumer2012exact,
	author = {Mazumder, Rahul and Hastie, Trevor},
	journal = {Journal of Machine Learning Research},
	pages = {723--736},
	title = {Exact covariance thresholding into connected components for large-scale graphical lasso},
	volume = 13,
	year = 2012}

@book{buhlmann2011statistics,
	author = {Buhlmann, Peter and van de Geer, Sara},
	publisher = {Springer},
	title = {Statistics for High-Dimensional Data},
	year = 2011}

@article{greenshtein2004persistence,
	author = {Greenshtein, Eitan and Ritov, Ya'acov},
	journal = {Bernoulli},
	number = 6,
	pages = {971--988},
	title = {Persistence in high-dimensional linear predictor selection and the virtue of overparametrization},
	volume = 10,
	year = 2004}

@article{zhgn2010nearly,
	author = {Zhang, Cun-Hui},
	journal = {Annals of Statistics},
	number = 2,
	pages = {894--942},
	title = {Nearly unbiased variable selection under minimax concave penalty},
	volume = 38,
	year = 2010}

@article{grave2011trace,
	author = {Grave, Edouard and Obozinski, Guillaume and Bach, Francis},
	journal = {Advances in Neural Information Processing Systems},
	title = {Trace lasso: a trace norm regularization for correlated designs},
	volume = 24,
	year = 2011}

@article{belloni2011square,
	author = {Belloni, Alexandar and Chernozhukov, Victor and Wang, Lie},
	journal = {Biometrika},
	number = {4},
	pages = {791--806},
	title = {Square-root lasso: pivotal recovery of sparse signals via conic programming},
	volume = {98},
	year = {2011}}

@article{tibshirani2011nearly,
	author = {Tibshirani, Ryan J. and Hoefling, Holger and Tibshirani, Robert},
	journal = {Technometrics},
	number = 1,
	pages = {54--61},
	title = {Nearly-isotonic regression},
	volume = 53,
	year = 2011}

@article{zou2006adaptive,
	author = {Zou, Hui},
	journal = {Journal of the American Statistical Association},
	number = 476,
	pages = {1418--1429},
	title = {The adaptive lasso and its oracle properties},
	volume = 101,
	year = 2006}

@article{candes2007dantzig,
	author = {Candes, Emmanuel J. and Tao, Terence},
	journal = {Annals of Statistics},
	number = 6,
	pages = {2313--2351},
	title = {The {Dantzig} selector: statistical estimation when $p$ is much larger than $n$},
	volume = 35,
	year = 2007}

@article{shao1997asymptotic,
	author = {Shao, Jun},
	journal = {Statistica Sinica},
	number = 2,
	pages = {221--264},
	title = {An asymptotic theory for linear model selection},
	volume = 7,
	year = 1997}

@article{wang2007tuning,
	author = {Wang, Hansheng and Li, Runze and Tsai, Chih-Li},
	journal = {Biometrika},
	number = 3,
	pages = {533--568},
	title = {Tuning parameter selectors for the smoothly clipped absolute deviation method},
	volume = 94,
	year = 2007}

@article{boyd2011distributed,
	author = {Boyd, Steve and Parikh, Neal and Chu, Eric and Peleato, Borja and Eckstein, Jonathan},
	journal = {Foundations and Trends in Machine Learning},
	number = 1,
	pages = {1--122},
	title = {Distributed Optimization and Statistical Learning via the Alternative Direction Method of Multipliers},
	volume = 3,
	year = 2011}

@article{bauschke1996projection,
	author = {Bauschke, Heinz and Borwein, Jonathan},
	journal = {SIAM Review},
	number = 3,
	pages = {367--426},
	title = {On projection algorithms for solving convex feasibility problems},
	volume = 38,
	year = 1996}

@article{beck2009fast,
	author = {Beck, Amir and Teboulle, Marc},
	journal = {SIAM Journal on Imaging Sciences},
	number = 1,
	pages = {183--202},
	title = {A Fast Iterative Shrinkage-Thresholding Algorithm for Linear Inverse Problems},
	volume = 2,
	year = 2009}

@article{mammen1997locally,
	author = {Mammen, Enno and van de Geer, Sara},
	journal = {Annals of Statistics},
	number = 1,
	pages = {387--413},
	title = {Locally adaptive regression splines},
	volume = 25,
	year = 1997}

@unpublished{convgeom,
	author = {Chandrasekaran, Venkat and Recht, Benjamin and Parrilo, Pablo A. and Willsky, Alan S.},
	note = {arXiv: 1012.0621},
	title = {The convex geometry of linear inverse problems},
	year = 2010}

@unpublished{unifmest,
	author = {Negahban, Sahand and Ravikumar, Pradeep and Wainwright, Martin J. and Yu, Bin},
	note = {To appear in Statistical Science},
	title = {A unified framework for high-dimensional analysis of {$M$}-estimators with decomposable regularizers},
	year = 2012}

@article{enumpoly,
	author = {Fukuda, Komei and Liebling, Thomas M. and Margot, Francois},
	journal = {Computational Geometry: Theory and Applications},
	number = 1,
	pages = {1--12},
	title = {Analysis of backtrack algorithms for listing all vertices and all faces of a convex polyhedron},
	volume = 8,
	year = 1997}

@unpublished{larscomp,
	author = {Mairal, Julien and Yu, Bin},
	note = {arXiv: 1205.0079},
	title = {Complexity Analysis of the Lasso Regularization Path},
	year = 2012}

@article{donmost,
	author = {Donoho, David L.},
	journal = {Communications on Pure and Applied Mathematics},
	number = 6,
	pages = {797--829},
	title = {For most large underdetermined systems of linear equations, the minimal $\ell_1$ solution is also the sparsest solution},
	volume = 59,
	year = 2006}

@article{dossal,
	author = {Dossal, Charles},
	journal = {Comptes Rendus Mathematique},
	number = {1--2},
	pages = {117--120},
	title = {A necessary and sufficient condition for exact sparse recovery by $\ell_1$ minimization},
	volume = 350,
	year = 2012}

@unpublished{dfl1v1,
	author = {Dossal, Charles and Kachour, Maher and Fadili, Jalal and Peyre, Gabriel and Chesneau, Christophe},
	note = {arXiv: 1111.1162, v1},
	title = {The degrees of freedom of penalized $\ell_1$ minimization},
	year = 2011}

@article{persistence,
	author = {Greenshtein, Eitan and Ritov, Ya'acov},
	journal = {Bernoulli},
	number = 6,
	pages = {971--988},
	title = {Persistence in high-dimensional linear predictor selection and the virtue of overparametrization},
	volume = 10,
	year = 2004}

@article{irrepcond,
	author = {Zhao, Peng and Yu, Bi},
	journal = {Journal of Machine Learning Research},
	pages = {2541--2564},
	title = {On Model Selection Consistency of Lasso},
	volume = 7,
	year = 2006}

@article{fuchs,
	author = {Fuchs, Jean Jacques},
	journal = {IEEE Transactions on Information Theory},
	number = 10,
	pages = {3601--3608},
	title = {Recovery of exact sparse representations in the presense of bounded noise},
	volume = 51,
	year = 2005}

@article{candes2006near,
	author = {Candes, Emmanuel J. and Tao, Terence},
	journal = {IEEE Transactions on Information Theory},
	number = 12,
	pages = {5406--5425},
	title = {Near optimal signal recovery from random projections: {U}niversal encoding strategies?},
	volume = 52,
	year = 2006}

@article{cs,
	author = {Donoho, David L.},
	journal = {IEEE Transactions on Information Theory},
	number = 12,
	pages = {1289--1306},
	title = {Compressed Sensing},
	volume = 52,
	year = 2006}

@article{sharp,
	author = {Wainwright, Martin J.},
	journal = {IEEE Transactions on Information Theory},
	number = 5,
	pages = {2183--2202},
	title = {Sharp thresholds for high-dimensional and noisy sparsity recovery using $\ell_1$-constrained quadratic programming (lasso)},
	volume = 55,
	year = 2009}

@article{candes2009near,
	author = {Candes, Emmanuel J. and Plan, Yaniv},
	journal = {Annals of Statistics},
	number = 5,
	pages = {2145--2177},
	title = {Near ideal model selection by $\ell_1$ minimization},
	volume = 37,
	year = 2009}

@article{faceenum,
	author = {Fukuda, Komei and Liebling, Thomas M. and Margot, Francois},
	journal = {Computational Geometry},
	number = 1,
	pages = {1--12},
	title = {Analysis of backtrack algorithms for listing all vertices and all faces of a convex polyhedron},
	volume = 8,
	year = 1997}

@article{fan2001variable,
	author = {Fan, Jianqing and Li, Runze},
	journal = {Journal of the American Statistical Association},
	number = 456,
	pages = {1348--1360},
	title = {Variable Selection via Nonconcave Penalized Likelihood and its Oracle Properties},
	volume = 96,
	year = 2001}

@article{zhang2010nearly,
	author = {Zhang, Cun-Hui},
	journal = {Annals of Statistics},
	number = 2,
	pages = {894--942},
	title = {Nearly unbiased variable selection under minimax concave penalty},
	volume = 38,
	year = 2010}

@article{loubes2004discussion,
	author = {Loubes, Jean-Michel and Massart, Pascal},
	journal = {Annals of Statistics},
	number = 2,
	pages = {460--465},
	title = {Dicussion of ``{Least} Angle Regression''},
	volume = 32,
	year = 2004}

@article{tibshirani2012degrees,
	author = {Tibshirani, Ryan J. and Taylor, Jonathan},
	journal = {Annals of Statistics},
	number = 2,
	pages = {1198--1232},
	title = {Degrees of Freedom in Lasso Problems},
	volume = 40,
	year = 2012}

@book{rockafellar1970convex,
	author = {Rockafellar, R. Tyrrell},
	publisher = {Princeton University Press},
	title = {Convex Analysis},
	year = 1970}

@article{kaufman2014when,
	author = {Kaufman, Shachar and Rosset, Saharon},
	journal = {Biometrika},
	number = {4},
	pages = {771--784},
	title = {When does more regularization imply fewer degrees of freedom? {Sufficient conditions and counterexamples}},
	volume = {101},
	year = {2014}}

@article{rosset2004boosting,
	author = {Rosset, Saharon and Zhu, Ji and Hastie, Trevor},
	journal = {Journal of Machine Learning Research},
	pages = {941--973},
	title = {Boosting as a regularized path to a maximum margin classifier},
	volume = 5,
	year = 2004}

@article{gorman,
	author = {Gorman, J. W. and Toman, R. J.},
	journal = {Technometrics},
	number = 1,
	pages = {27--51},
	title = {Selection of variables for fitting equations to data},
	volume = 8,
	year = 1966}

@book{grunbaum,
	author = {Grunbaum, Branko},
	note = {Second edition},
	publisher = {Springer},
	title = {Convex Polytopes},
	year = 2003}

@phdthesis{tibshirani2011Phd,
	author = {Tibshirani, Ryan J.},
	school = {Department of Statistics, Stanford University},
	title = {The Solution Path of the Generalized Lasso},
	year = {2011}}

@article{efron1986biased,
	author = {Efron, Bradley},
	journal = {Journal of the American Statistical Association},
	number = 394,
	pages = {461--470},
	title = {How biased is the apparent error rate of a prediction rule?},
	volume = 81,
	year = 1986}

@article{efron2004estimation,
	author = {Efron, Bradley},
	journal = {Journal of the American Statistical Association},
	number = 467,
	pages = {619--632},
	title = {The Estimation of Prediction Error: Covariance Penalties and Cross-Validation},
	volume = 99,
	year = 2004}

@article{mallows1973comments,
	author = {Mallows, Colin},
	journal = {Technometrics},
	number = 4,
	pages = {661--675},
	title = {Some comments on {$C_p$}},
	volume = 15,
	year = 1973}

@article{mazumder2011sparsenet,
	author = {Mazumder, Rahul and Friedman, Jerome and Hastie, Trevor},
	journal = {Journal of the American Statistical Association},
	number = 495,
	pages = {1125--1138},
	title = {{S}parse{N}et: Coordinate Descent with Nonconvex Penalties},
	volume = 106,
	year = 2011}

@book{hastie2009elements,
	author = {Hastie, Trevor and Tibshirani, Robert and Friedman, Jerome},
	note = {Second edition},
	publisher = {Springer},
	title = {The Elements of Statistical Learning; Data Mining, Inference and Prediction},
	year = 2009}

@book{hastie2001elements1st,
	author = {Hastie, Trevor and Tibshirani, Robert and Friedman, Jerome},
	note = {First edition},
	publisher = {Springer},
	title = {The Elements of Statistical Learning; Data Mining, Inference and Prediction},
	year = 2001}

@article{tibshirani2011solution,
	author = {Tibshirani, Ryan J. and Taylor, Jonathan},
	journal = {Annals of Statistics},
	number = 3,
	pages = {1335--1371},
	title = {The Solution Path of the Generalized Lasso},
	volume = 39,
	year = 2011}

@unpublished{genlasso-supp,
	author = {Tibshirani, Ryan J. and Taylor, Jonathan},
	date-modified = {2021-10-22 16:09:37 -0700},
	title = {Proofs and Technical Details for ``{T}he Solution Path of the Generalized Lasso''},
	year = 2011,
	bdsk-url-1 = {http://www.stat.cmu.edu/~ryantibs/papers/genlasso-supp.pdf}}

@article{she2010sparse,
	author = {She, Yiyuan},
	journal = {Electronic Journal of Statistics},
	pages = {1055--1096},
	title = {Sparse regression with exact clustering},
	volume = 4,
	year = 2010}

@article{james2009dasso,
	author = {James, Gareth M. and Radchenko, Peter and Lv, Jinchi},
	journal = {Journal of the Royal Statistical Society: Series B},
	number = 1,
	pages = {127--142},
	title = {{DASSO}: connections between the {D}antzig selector and lasso},
	volume = 71,
	year = 2009}

@misc{h1n1,
	author = {{Centers for Disease Control and Prevention}},
	date-modified = {2021-10-22 16:09:37 -0700},
	title = {Novel {H1N1} Flu Situation Update},
	year = 2009,
	bdsk-url-1 = {http://www.cdc.gov/h1n1flu/updates/061909.htm}}

@manual{cran,
	author = {{R Development Core Team}},
	date-modified = {2021-10-22 16:09:37 -0700},
	note = {{ISBN} 3-900051-07-0},
	organization = {R Foundation for Statistical Computing},
	title = {R: A Language and Environment for Statistical Computing},
	year = 2008,
	bdsk-url-1 = {http://www.R-project.org}}

@article{friedman2010regularization,
	author = {Friedman, Jerome and Hastie, Trevor and Tibshirani, Robert},
	journal = {Journal of Statistical Software},
	number = 1,
	pages = {1--22},
	title = {Regularization paths for generalized linear models via coordinate descent},
	volume = 33,
	year = 2010}

@article{buja1989linear,
	author = {Buja, Andrews and Hastie, Trevor and Tibshirani, Robert},
	journal = {Annals of Statistics},
	number = 2,
	pages = {453--510},
	title = {Linear smoothers and additive models},
	volume = 17,
	year = 1989}

@book{hastie1990generalized,
	author = {Hastie, Trevor and Tibshirani, Robert},
	publisher = {Chapman and Hall},
	title = {Generalized additive models},
	year = 1990}

@article{avs,
	author = {Elad, Michael and Milanfar, Peyman and Rubinstein, Ron},
	journal = {Inverse problems},
	number = 3,
	pages = {947--968},
	title = {Analysis versus synthesis in signal priors},
	volume = 23,
	year = 2007}

@book{deboor1978practical,
	author = {de Boor, Carl},
	publisher = {Springer},
	title = {A Practical Guide to Splines},
	year = 1978}

@unpublished{parqp,
	author = {Best, Michael J},
	note = {CORR Report 82--84, University of Waterloo},
	title = {An algorithm for the solution of the parametric quadratic programming problem},
	year = 1982}

@article{she2011outlier,
	author = {She, Yiyuan and Owen, Art B.},
	journal = {Journal of the American Statistical Association},
	number = 494,
	pages = {626--639},
	title = {Outlier Detection Using Nonconvex Penalized Regression},
	volume = 106,
	year = 2011}

@article{mccann,
	author = {McCann, Lauren and Welsch, Roy},
	journal = {Computational Statistics \& Data Analysis},
	number = 1,
	pages = {249--257},
	title = {Robust variable selection using least angle regression an elemental set sampling},
	volume = 52,
	year = 2007}

@article{gannaz,
	author = {Gannaz, Irene},
	journal = {Statistics and Computing},
	number = 4,
	pages = {293--310},
	title = {Robust estimation and wavelet thresholding in partially linear models},
	volume = 17,
	year = 2007}

@article{hoefling2010path,
	author = {Hoefling, Holger},
	journal = {Journal of Computational and Graphical Statistics},
	number = 4,
	pages = {984--1006},
	title = {A path algorithm for the fused lasso signal approximator},
	volume = 19,
	year = 2010}

@incollection{cleveland1991local,
	author = {Cleveland, W.S. and Grosse, E. and Shyu, W. and Terpenning, I.},
	booktitle = {Statistical models in {S}},
	editor = {Chambers, John and Hastie, Trevor},
	publisher = {Wadsworth},
	title = {Local regression models},
	year = 1991}

@article{vcm,
	author = {Hastie, Trevor and Tibshirani, Robert},
	journal = {Journal of the Royal Statistical Society: Series B},
	number = 4,
	page = {757--796},
	title = {Varying-coefficient models},
	volume = 55,
	year = 1993}

@article{agri,
	author = {Oosterbaan, R.J. and Sharman, D.P. and Singh, K.N. and Rao, K.V.G.K.},
	journal = {Proceedings of the Symposium on Land Drainage for Salinity Control in Arid and Semi-Arid Regions},
	number = {V},
	pages = {373--383},
	title = {Crop production and soil salinity: evaluation of field data from {I}ndia by segmented linear regression},
	volume = 3,
	year = 1990}

@article{gbm,
	author = {Bredel, M. and Bredel, C. and Juric, D. and Harsh, G.R. and Vogel, H. and Recht, L.D. and Sikic, B.I.},
	journal = {Cancer Research},
	number = 10,
	pages = {4088--4096},
	title = {High-resolution genome-wide mapping of genetic alterations in human glial brain tumors},
	volume = 65,
	year = 2005}

@article{meinshausen2007relaxed,
	author = {Meinshausen, Nicolai},
	issue = 1,
	journal = {Computational Statistics \& Data Analysis},
	pages = {374--393},
	title = {Relaxed Lasso},
	volume = 52,
	year = 2007}

@article{donoho2010counting,
	author = {Donoho, David L. and Tanner, Jared},
	journal = {Dicrete and Computational Geometry},
	number = 3,
	pages = {522--541},
	title = {Counting faces of randomly-projected hypercubes and orthants, with applications},
	volume = 43,
	year = 2010}

@article{rudin1992nonlinear,
	author = {Rudin, Leonid I. and Osher, Stanley and Faterni, Emad},
	journal = {Physica {D}: Nonlinear Phenomena},
	number = 1,
	pages = {259--268},
	title = {Nonlinear total variation based noise removal algorithms},
	volume = 60,
	year = 1992}

@article{rosset2007piecewise,
	author = {Rosset, Saharon and Zhu, Ji},
	journal = {Annals of Statistics},
	number = 3,
	pages = {1012--1030},
	title = {Piecewise linear regularized solution paths},
	volume = 35,
	year = 2007}

@article{turlach2005simultaneous,
	author = {Turlach, Berwin and Venables, William and Wright, Stephen},
	journal = {Technometrics},
	number = 3,
	pages = {349--363},
	title = {Simultaneous variable selection},
	volume = 47,
	year = 2005}

@article{osborne1998knot,
	author = {Osborne, Michael and Presnell, Brett and Turlach, Berwin},
	journal = {Dimension Reduction, Computational Complexity, and Information},
	pages = {44--49},
	title = {Knot Selection for Regression Splines via the Lasso},
	volume = 30,
	year = 1998}

@article{homotopy1,
	author = {Osborne, Michael and Presnell, Brett and Turlach, Berwin},
	journal = {IMA Journal of Numerical Analysis},
	number = 3,
	pages = {389--404},
	title = {A new approach to variable selection in least squares problems},
	volume = 20,
	year = 2000}

@article{homotopy2,
	author = {Osborne, Michael and Presnell, Brett and Turlach, Berwin},
	journal = {Journal of Computational and Graphical Statistics},
	number = 2,
	pages = {319--337},
	title = {On the lasso and its dual},
	volume = 9,
	year = 2000}

@phdthesis{holgerphd,
	author = {Hoefling, Holger},
	school = {Department of Statistics, Stanford University},
	title = {Topics in machine learning},
	year = 2009}

@article{enet,
	author = {Zou, Hui and Hastie, Trevor},
	journal = {Journal of the Royal Statistical Society: Series B},
	number = 2,
	pages = {301--320},
	title = {Regularization and variable selection via the elastic net},
	volume = 67,
	year = 2005}

@book{ziegler,
	author = {Ziegler, Gunter M.},
	publisher = {Springer},
	series = {Graduate Texts in Mathematics},
	title = {Lectures on polytopes},
	year = 1995}

@book{golub1996matrix,
	author = {Golub, Gene H. and {Van Loan}, Charles F.},
	note = {Third edition},
	publisher = {The Johns Hopkins University Press},
	title = {Matrix computations},
	year = 1996}

@book{evans,
	author = {Evans, Lawrence and Gariepy, Ronald},
	publisher = {CRC Press},
	title = {Measure theory and fine properties of functions},
	year = 1992}

@book{schneider,
	author = {Schneider, Rolf},
	publisher = {Cambridge University Press},
	title = {Convex bodies: the {B}runn-{M}inkowski theory},
	year = 1993}

@article{nesterov,
	author = {Nesterov, Yurii},
	journal = {Mathmetical Programming},
	number = 1,
	pages = {127--152},
	title = {Smooth minimization of non-smooth functions},
	volume = 103,
	year = 2005}

@article{chen1998atomic,
	author = {Chen, Scott and Donoho, David L. and Saunders, Michael},
	journal = {SIAM Journal on Scientific Computing},
	number = 1,
	pages = {33--61},
	title = {Atomic decomposition for basis pursuit},
	volume = 20,
	year = 1998}

@article{becker2011nesta,
	author = {Becker, Stephen and Bobin, Jerome and Candes, Emmanuel J.},
	journal = {SIAM Journal on Imaging Sciences},
	number = 1,
	pages = {1--39},
	title = {{NESTA}: A fast and accurate first-order method for sparse recovery},
	volume = 4,
	year = 2011}

@article{becker2011templates,
	author = {Becker, Stephen and Candes, Emmanuel J. and Grant, Michael},
	journal = {Mathematical Programming Computation},
	number = 3,
	pages = {165--218},
	title = {Templates for convex cone problems with applications to sparse signal recovery},
	volume = 3,
	year = 2011}

@article{johnson2013dynamic,
	author = {Johnson, Nicholas},
	journal = {Journal of Computational and Graphical Statistics},
	number = {2},
	pages = {246--260},
	title = {A dynamic programming algorithm for the fused lasso and {$L_0$}-segmentation},
	volume = {22},
	year = {2013}}

@article{pollack2002microarray,
	author = {Pollack, J.R. and Sorlie, T. and Perou, C.M. and Rees, C.A. and Jeffrey, S.S. and Lonning, P.E. and Tibshirani, R. and Botstein, D. and Borresen-Dale, A.L. and Brown, P.O.},
	journal = {Proceedings of the National Academy of Science},
	number = 20,
	pages = {12963--12968},
	title = {Microarray analysis reveals a major direct role of {DNA} copy number alteration in the transcriptional program of human breast tumors},
	volume = 99,
	year = 2002}

@article{hastie2004entire,
	author = {Hastie, Trevor and Rosset, Saharon and Tibshirani, Robert and Zhu, Ji},
	journal = {Journal of Machine Learning Research},
	pages = {1391--1415},
	title = {The entire regularization path for the support vector machine},
	volume = 5,
	year = 2004}

@article{young2007regularization,
	author = {Park, Mee Young and Hastie, Trevor},
	journal = {Journal of the Royal Statistical Society: Series B},
	number = 4,
	pages = {659--677},
	title = {{$L_1$}-regularization path algorithm for generalized linear models},
	volume = 69,
	year = 2007}

@article{yuan2006model,
	author = {Yuan, Ming and Lin, Yi},
	journal = {Journal of the Royal Statistical Society: Series B},
	number = 1,
	pages = {49--67},
	title = {Model selection and estimation in regression with grouped variables},
	volume = 68,
	year = 2006}

@article{graphlasso,
	author = {Friedman, Jerome and Hastie, Trevor and Tibshirani, Robert},
	journal = {Biostatistics},
	number = 3,
	pages = {432--441},
	title = {Sparse inverse covariance estimation with the graphical lasso},
	volume = 9,
	year = 2008}

@article{yuangraph,
	author = {Yuan, Ming and Lin, Yi},
	journal = {Biometrika},
	number = 1,
	pages = {19--35},
	title = {Model selection and estimation in the {Gaussian} graphical model},
	volume = 94,
	year = 2007}

@article{banerjeegraph,
	author = {Banerjee, Onureena and {El Ghaoui}, Laurent and D'Aspremont, Alexandre},
	journal = {Journal of Machine Learning Research},
	pages = {485--516},
	title = {Model selection through sparse maximum likelihood estimation for multivariate {Gaussian} or binary data},
	volume = 9,
	year = 2008}

@article{efron2004least,
	author = {Efron, Bradley and Hastie, Trevor and Johnstone, Iain and Tibshirani, Robert},
	journal = {Annals of Statistics},
	number = 2,
	pages = {407--499},
	title = {Least angle regression},
	volume = 32,
	year = 2004}

@article{tibshirani1996regression,
	author = {Tibshirani, Robert},
	journal = {Journal of the Royal Statistical Society: Series B},
	number = 1,
	pages = {267--288},
	title = {Regression shrinkage and selection via the lasso},
	volume = 58,
	year = 1996}

@book{bert,
	author = {Bertsekas, Dimitri P.},
	publisher = {Athena Scientific},
	title = {Nonlinear programming},
	year = {1999}}

@article{meyerwood,
	author = {Meyer, Mary and Woodroofe, Michael},
	journal = {Annals of Statistics},
	number = 4,
	pages = {1083--1104},
	title = {On the degrees of freedom in shape-restricted regression},
	volume = 28,
	year = 2000}

@article{zou2007degrees,
	author = {Zou, Hui and Hastie, Trevor and Tibshirani, Robert},
	journal = {Annals of Statistics},
	number = 5,
	pages = {2173--2192},
	title = {On the ``Degrees of Freedom" of the Lasso},
	volume = 35,
	year = 2007}

@article{stein1981estimation,
	author = {Stein, Charles},
	journal = {Annals of Statistics},
	number = 6,
	pages = {1135--1151},
	title = {Estimation of the Mean of a Multivariate Normal Distribution},
	volume = 9,
	year = 1981}

@article{fu1998penalized,
	author = {Fu, Wenjiang J.},
	journal = {Journal of Computational and Graphical Statistics},
	number = {3},
	pages = {397--416},
	title = {Penalized Regressions: The Bridge versus the Lasso},
	volume = {7},
	year = {1998}}

@article{friedman2007pathwise,
	author = {Friedman, Jerome and Hastie, Trevor and Hoefling, Holger and Tibshirani, Robert},
	journal = {Annals of Applied Statistics},
	number = 2,
	pages = {302--332},
	title = {Pathwise coordinate optimization},
	volume = 1,
	year = 2007}

@article{wu2008coordinate,
	author = {Wu, Tong Tong and Lange, Kenneth},
	journal = {Annals of Applied Statistics},
	number = {1},
	pages = {224--244},
	title = {Coordinate descent algorithms for lasso penalized regression},
	volume = {2},
	year = {2008}}

@article{sardy2000block,
	author = {Sardy, Sylvain and Bruce, Andrew G. and Tseng, Paul},
	journal = {Journal of Computational and Graphical Statistics},
	number = {2},
	pages = {361--379},
	title = {Block Coordinate Relaxation Methods for Nonparametric Wavelet Denoising},
	volume = {9},
	year = {2000}}

@article{knight2000asymptotics,
	author = {Knight, Keith and Fu, Wenjiang},
	journal = {Annals of Statistics},
	number = {5},
	pages = {1356--1378},
	title = {Asymptotics for lasso-type estimators},
	volume = {28},
	year = {2000}}

@article{tibshirani2005sparsity,
	author = {Tibshirani, Robert and Saunders, Michael and Rosset, Saharon and Zhu, Ji and Knight, Keith},
	journal = {Journal of the Royal Statistical Society: Series B},
	number = 1,
	pages = {91--108},
	title = {Sparsity and smoothness via the fused lasso},
	volume = 67,
	year = 2005}

@article{kim2009trend,
	author = {Kim, Seung-Jean and Koh, Kwangmoo and Boyd, Stephen and Gorinevsky, Dimitry},
	journal = {SIAM Review},
	number = 2,
	pages = {339--360},
	title = {$\ell_1$ trend filtering},
	volume = 51,
	year = 2009}

@book{boyd2004convex,
	author = {Boyd, Stephen and Vandenberghe, Lieven},
	publisher = {Cambridge University Press},
	title = {Convex Optimization},
	year = 2004}

@article{johnstone1999wavelet,
	author = {Johnstone, Iain M.},
	journal = {Statistica Sinica},
	pages = {51--83},
	title = {Wavelet Shrinkage for Correlated Data and Inverse Problems: Adaptivity Results},
	volume = 9,
	year = 1999}

@article{donoho1998minimax,
	author = {Donoho, David L. and Johnstone, Iain M.},
	journal = {Annals of Statistics},
	number = 8,
	pages = {879--921},
	title = {Minimax estimation via wavelet shrinkage},
	volume = 26,
	year = 1998}

@article{donoho1990minimax,
	author = {Donoho, David and Liu, Richard and MacGibbon, Brenda},
	journal = {Annals of Statistics},
	number = 3,
	pages = {1416--1437},
	title = {Minimax Risk Over Hyperrectangles, and Implications},
	volume = 18,
	year = 1990}

@article{donoho1995adapting,
	author = {Donoho, David L. and Johnstone, Iain M.},
	journal = {Journal of the American Statistical Association},
	number = 432,
	pages = {1200--1224},
	title = {Adapting to unknown smoothness via wavelet shrinkage},
	volume = 90,
	year = 1995}

@article{tseng2001convergence,
	author = {Tseng, Paul},
	journal = {Journal of Optimization Theory and Applications},
	number = 3,
	pages = {475--494},
	title = {Convergence of a Block Coordinate Descent Method for Nondifferentiable Minimization},
	volume = 109,
	year = 2001}

@article{stone1985additive,
	author = {Stone, Charles},
	journal = {Annals of Statistics},
	number = {2},
	pages = {689--705},
	title = {Additive Regression and Other Nonparametric Models},
	volume = {13},
	year = {1985}}

@article{vandegeer2014uniform,
	author = {van de Geer, Sara},
	journal = {Electronic Journal of Statistics},
	pages = {543--574},
	title = {On the uniform convergence of empirical norms and inner products, with application to causal inference},
	volume = 8,
	year = 2014}

@article{yang1999information,
	author = {Yang, Yuhong and Barron, Andrew},
	journal = {Annals of Statistics},
	number = 5,
	pages = {1564--1599},
	title = {Information-theoretic determination of minimax rates of convergence},
	volume = 27,
	year = 1999}

@article{kolmogorov1959entropy,
	author = {Kolmogorov, Andrey N. and Tikhomirov, Vladimir M.},
	journal = {Uspekhi Matematicheskikh Nauk},
	number = 2,
	pages = {3--86},
	title = {{$\epsilon$-entropy and $\epsilon$-capacity of sets in function spaces}},
	volume = 14,
	year = 1959}


@article{nuno2021covid,
  author = {Miriam {Nu\~{n}o} and Yury Garc\`{i}a and Ganesh Rajasekar and Diego Pinheiro and Alec J. Schmidt},
  journal = {BMC Infectious Diseases},
  volume = 21,
  year = 2021,
  title = {{COVID}-19 hospitalizations in five {C}alifornia hospitals: {A} retrospective cohort study},
  pages = 938,
  doi = {10.1186/s12879-021-06640-4}}

